<?xml version="1.0" encoding="UTF-8"?>
<!DOCTYPE html PUBLIC "-//W3C//DTD XHTML 1.0 Transitional//EN"
    "http://www.w3.org/TR/xhtml1/DTD/xhtml1-transitional.dtd">
<html xmlns="http://www.w3.org/1999/xhtml" xml:lang="en" lang="en">
 <head>
  <title>
</title>
<meta http-equiv="Content-Type" content="text/html;charset=utf-8" />
  <meta name='ocr-system' content='tesseract 3.04.00' />
  <meta name='ocr-capabilities' content='ocr_page ocr_carea ocr_par ocr_line ocrx_word'/>
</head>
<body>
  <div class='ocr_page' id='page_1' title='image "./vitaepaparumaven02balu_0826.png"; bbox 0 0 2083 3458; ppageno 0'>
   <div class='ocr_carea' id='block_1_1' title="bbox 263 188 1969 244">
    <p class='ocr_par' dir='ltr' id='par_1_1' title="bbox 263 188 1969 244">
     <span class='ocr_line' id='line_1_1' title="bbox 263 188 1969 244; baseline -0.005 -7"><span class='ocrx_word' id='word_1_1' title='bbox 263 195 345 238; x_wconf 83' lang='grc'>816</span> <span class='ocrx_word' id='word_1_2' title='bbox 912 208 1064 234; x_wconf 83' lang='lat' dir='ltr'><strong>NOTAE</strong></span> <span class='ocrx_word' id='word_1_3' title='bbox 1099 207 1159 232; x_wconf 90' lang='lat' dir='ltr'>AD</span> <span class='ocrx_word' id='word_1_4' title='bbox 1194 207 1322 232; x_wconf 77' lang='lat' dir='ltr'>VITAs</span> <span class='ocrx_word' id='word_1_5' title='bbox 1817 188 1969 244; x_wconf 82' lang='grc'>[1299]</span> 
     </span>
    </p>
   </div>
   <div class='ocr_carea' id='block_1_2' title="bbox 224 289 1983 2594">
    <p class='ocr_par' dir='ltr' id='par_1_2' title="bbox 266 289 1974 700">
     <span class='ocr_line' id='line_1_2' title="bbox 266 289 1972 341; baseline -0.002 -10"><span class='ocrx_word' id='word_1_6' title='bbox 266 294 386 332; x_wconf 84' lang='lat' dir='ltr'>duxit</span> <span class='ocrx_word' id='word_1_7' title='bbox 405 308 513 331; x_wconf 87' lang='lat' dir='ltr'>anno</span> <span class='ocrx_word' id='word_1_8' title='bbox 537 292 879 331; x_wconf 83' lang='lat' dir='ltr'>MCCCCXXVII</span> <span class='ocrx_word' id='word_1_9' title='bbox 906 291 1078 330; x_wconf 88' lang='lat' dir='ltr'>Mariam</span> <span class='ocrx_word' id='word_1_10' title='bbox 1095 291 1288 330; x_wconf 87' lang='lat' dir='ltr'>heredem</span> <span class='ocrx_word' id='word_1_11' title='bbox 1307 292 1558 341; x_wconf 80' lang='lat' dir='ltr'>Pugetorum</span> <span class='ocrx_word' id='word_1_12' title='bbox 1580 289 1826 328; x_wconf 78' lang='lat' dir='ltr'>Castillionis</span> <span class='ocrx_word' id='word_1_13' title='bbox 1845 303 1972 340; x_wconf 86' lang='lat' dir='ltr'>prope</span> 
     </span>
     <span class='ocr_line' id='line_1_3' title="bbox 266 349 1974 401; baseline -0.002 -10"><span class='ocrx_word' id='word_1_14' title='bbox 266 355 476 395; x_wconf 74' lang='lat' dir='ltr'>Tolosam:</span> <span class='ocrx_word' id='word_1_15' title='bbox 501 368 551 390; x_wconf 78' lang='lat' dir='ltr'>ex</span> <span class='ocrx_word' id='word_1_16' title='bbox 573 351 721 401; x_wconf 81' lang='lat' dir='ltr'>quibus</span> <span class='ocrx_word' id='word_1_17' title='bbox 745 360 858 389; x_wconf 86' lang='lat' dir='ltr'>ortus</span> <span class='ocrx_word' id='word_1_18' title='bbox 881 360 943 390; x_wconf 87' lang='lat' dir='ltr'>est</span> <span class='ocrx_word' id='word_1_19' title='bbox 966 352 1110 390; x_wconf 88' lang='lat' dir='ltr'>Petrus</span> <span class='ocrx_word' id='word_1_20' title='bbox 1134 352 1182 389; x_wconf 90' lang='lat' dir='ltr'>de</span> <span class='ocrx_word' id='word_1_21' title='bbox 1206 352 1364 401; x_wconf 83' lang='lat' dir='ltr'>Pugeto</span> <span class='ocrx_word' id='word_1_22' title='bbox 1387 350 1657 389; x_wconf 85' lang='lat' dir='ltr'>condominus</span> <span class='ocrx_word' id='word_1_23' title='bbox 1681 349 1728 387; x_wconf 91' lang='lat' dir='ltr'>de</span> <span class='ocrx_word' id='word_1_24' title='bbox 1752 350 1909 399; x_wconf 83' lang='lat' dir='ltr'>Pugeto</span> <span class='ocrx_word' id='word_1_25' title='bbox 1931 356 1974 387; x_wconf 81' lang='lat' dir='ltr'>et</span> 
     </span>
     <span class='ocr_line' id='line_1_4' title="bbox 267 408 1971 461; baseline -0.002 -11"><span class='ocrx_word' id='word_1_26' title='bbox 267 413 456 451; x_wconf 76' lang='lat' dir='ltr'>(lominus</span> <span class='ocrx_word' id='word_1_27' title='bbox 497 410 761 458; x_wconf 85' lang='lat' dir='ltr'>Castillionis‚</span> <span class='ocrx_word' id='word_1_28' title='bbox 786 410 857 461; x_wconf 87' lang='lat' dir='ltr'>qui</span> <span class='ocrx_word' id='word_1_29' title='bbox 890 425 999 449; x_wconf 89' lang='lat' dir='ltr'>anno</span> <span class='ocrx_word' id='word_1_30' title='bbox 1026 411 1298 449; x_wconf 88' lang='lat' dir='ltr'>MCCCCLXI</span> <span class='ocrx_word' id='word_1_31' title='bbox 1329 410 1508 449; x_wconf 88' lang='lat' dir='ltr'>condens</span> <span class='ocrx_word' id='word_1_32' title='bbox 1537 417 1852 456; x_wconf 78' lang='lat' dir='ltr'>testamentum,</span> <span class='ocrx_word' id='word_1_33' title='bbox 1884 408 1971 458; x_wconf 86' lang='lat' dir='ltr'>ejus</span> 
     </span>
     <span class='ocr_line' id='line_1_5' title="bbox 267 470 1974 519; baseline -0.002 -9"><span class='ocrx_word' id='word_1_34' title='bbox 267 481 530 511; x_wconf 72' lang='lat' dir='ltr'>executorem</span> <span class='ocrx_word' id='word_1_35' title='bbox 562 470 781 509; x_wconf 84' lang='lat' dir='ltr'>constituit</span> <span class='ocrx_word' id='word_1_36' title='bbox 814 470 1046 511; x_wconf 83' lang='lat' dir='ltr'>Gilbertum</span> <span class='ocrx_word' id='word_1_37' title='bbox 1081 470 1190 509; x_wconf 83' lang='lat' dir='ltr'>Ruffi</span> <span class='ocrx_word' id='word_1_38' title='bbox 1222 479 1456 509; x_wconf 79' lang='lat' dir='ltr'>senatorem</span> <span class='ocrx_word' id='word_1_39' title='bbox 1488 470 1751 516; x_wconf 77' lang='lat' dir='ltr'>Tolosanum,</span> <span class='ocrx_word' id='word_1_40' title='bbox 1775 476 1974 519; x_wconf 87' lang='lat' dir='ltr'>patruum</span> 
     </span>
     <span class='ocr_line' id='line_1_6' title="bbox 269 528 1974 580; baseline -0.003 -10"><span class='ocrx_word' id='word_1_41' title='bbox 269 533 455 570; x_wconf 79' lang='lat' dir='ltr'>Joannae</span> <span class='ocrx_word' id='word_1_42' title='bbox 483 530 591 569; x_wconf 82' lang='lat' dir='ltr'>Ruffi</span> <span class='ocrx_word' id='word_1_43' title='bbox 614 530 753 568; x_wconf 78' lang='lat' dir='ltr'>uxoris</span> <span class='ocrx_word' id='word_1_44' title='bbox 778 545 890 578; x_wconf 80' lang='lat' dir='ltr'>suae,</span> <span class='ocrx_word' id='word_1_45' title='bbox 916 544 1020 580; x_wconf 85' lang='lat' dir='ltr'>quae</span> <span class='ocrx_word' id='word_1_46' title='bbox 1045 538 1134 568; x_wconf 85' lang='lat' dir='ltr'>orta</span> <span class='ocrx_word' id='word_1_47' title='bbox 1159 538 1247 568; x_wconf 86' lang='lat' dir='ltr'>erat</span> <span class='ocrx_word' id='word_1_48' title='bbox 1269 545 1319 568; x_wconf 89' lang='lat' dir='ltr'>ex</span> <span class='ocrx_word' id='word_1_49' title='bbox 1342 529 1470 567; x_wconf 88' lang='lat' dir='ltr'>nobili</span> <span class='ocrx_word' id='word_1_50' title='bbox 1492 538 1534 568; x_wconf 86' lang='lat' dir='ltr'>et</span> <span class='ocrx_word' id='word_1_51' title='bbox 1555 529 1728 579; x_wconf 84' lang='lat' dir='ltr'>antiqua</span> <span class='ocrx_word' id='word_1_52' title='bbox 1756 528 1974 566; x_wconf 75' lang='lat' dir='ltr'>Rufforum</span> 
     </span>
     <span class='ocr_line' id='line_1_7' title="bbox 268 587 1973 641; baseline -0.002 -12"><span class='ocrx_word' id='word_1_53' title='bbox 268 591 422 629; x_wconf 84' lang='lat' dir='ltr'>familia</span> <span class='ocrx_word' id='word_1_54' title='bbox 443 590 554 641; x_wconf 89' lang='lat' dir='ltr'>apud</span> <span class='ocrx_word' id='word_1_55' title='bbox 576 589 793 628; x_wconf 78' lang='lat' dir='ltr'>Cadurcos.</span> <span class='ocrx_word' id='word_1_56' title='bbox 815 590 877 627; x_wconf 81' lang='lat' dir='ltr'>Ex</span> <span class='ocrx_word' id='word_1_57' title='bbox 896 589 942 628; x_wconf 90' lang='lat' dir='ltr'>iis</span> <span class='ocrx_word' id='word_1_58' title='bbox 962 605 1034 640; x_wconf 90' lang='lat' dir='ltr'>per</span> <span class='ocrx_word' id='word_1_59' title='bbox 1052 590 1219 639; x_wconf 81' lang='lat' dir='ltr'>longam</span> <span class='ocrx_word' id='word_1_60' title='bbox 1238 604 1412 628; x_wconf 83' lang='lat' dir='ltr'>avorum</span> <span class='ocrx_word' id='word_1_61' title='bbox 1432 589 1577 628; x_wconf 85' lang='lat' dir='ltr'>seriem</span> <span class='ocrx_word' id='word_1_62' title='bbox 1597 587 1813 627; x_wconf 86' lang='lat' dir='ltr'>descendit</span> <span class='ocrx_word' id='word_1_63' title='bbox 1828 589 1973 626; x_wconf 76' lang='lat' dir='ltr'>Petrus</span> 
     </span>
     <span class='ocr_line' id='line_1_8' title="bbox 267 645 1973 700; baseline -0.003 -11"><span class='ocrx_word' id='word_1_64' title='bbox 267 651 315 689; x_wconf 89' lang='lat' dir='ltr'>de</span> <span class='ocrx_word' id='word_1_65' title='bbox 339 651 495 700; x_wconf 76' lang='lat' dir='ltr'>Pugeto</span> <span class='ocrx_word' id='word_1_66' title='bbox 517 665 539 687; x_wconf 88' lang='lat' dir='ltr'>a</span> <span class='ocrx_word' id='word_1_67' title='bbox 562 650 713 688; x_wconf 87' lang='lat' dir='ltr'>Sancto</span> <span class='ocrx_word' id='word_1_68' title='bbox 736 649 911 697; x_wconf 86' lang='lat' dir='ltr'>Albano,</span> <span class='ocrx_word' id='word_1_69' title='bbox 929 649 999 699; x_wconf 73' lang='lat' dir='ltr'>qui</span> <span class='ocrx_word' id='word_1_70' title='bbox 1019 664 1127 688; x_wconf 87' lang='lat' dir='ltr'>nunc</span> <span class='ocrx_word' id='word_1_71' title='bbox 1144 664 1195 687; x_wconf 81' lang='lat' dir='ltr'>ex</span> <span class='ocrx_word' id='word_1_72' title='bbox 1215 664 1260 688; x_wconf 88' lang='lat' dir='ltr'>ea</span> <span class='ocrx_word' id='word_1_73' title='bbox 1282 657 1401 699; x_wconf 77' lang='lat' dir='ltr'>gente</span> <span class='ocrx_word' id='word_1_74' title='bbox 1419 657 1605 699; x_wconf 77' lang='lat' dir='ltr'>superest</span> <span class='ocrx_word' id='word_1_75' title='bbox 1620 648 1731 698; x_wconf 88' lang='lat' dir='ltr'>apud</span> <span class='ocrx_word' id='word_1_76' title='bbox 1750 645 1973 685; x_wconf 75' lang='lat' dir='ltr'>Tolosaml.</span> 
     </span>
    </p>

    <p class='ocr_par' dir='ltr' id='par_1_3' title="bbox 224 698 1981 1712">
     <span class='ocr_line' id='line_1_9' title="bbox 321 698 1977 759; baseline -0.002 -12"><span class='ocrx_word' id='word_1_77' title='bbox 321 711 363 749; x_wconf 84' lang='lat' dir='ltr'>P.</span> <span class='ocrx_word' id='word_1_78' title='bbox 386 710 476 757; x_wconf 76' lang='grc'>487,</span> <span class='ocrx_word' id='word_1_79' title='bbox 498 709 564 759; x_wconf 80' lang='lat' dir='ltr'>lig.</span> <span class='ocrx_word' id='word_1_80' title='bbox 587 709 650 747; x_wconf 82' lang='lat'>30.</span> <span class='ocrx_word' id='word_1_81' title='bbox 674 709 890 748; x_wconf 83' lang='lat' dir='ltr'>THOLOSE.</span> <span class='ocrx_word' id='word_1_82' title='bbox 917 709 1023 757; x_wconf 88' lang='lat' dir='ltr'>Quid</span> <span class='ocrx_word' id='word_1_83' title='bbox 1045 717 1136 747; x_wconf 85' lang='lat' dir='ltr'>tum</span> <span class='ocrx_word' id='word_1_84' title='bbox 1166 718 1309 747; x_wconf 89' lang='lat' dir='ltr'>actum</span> <span class='ocrx_word' id='word_1_85' title='bbox 1330 709 1383 747; x_wconf 85' lang='lat' dir='ltr'>sit</span> <span class='ocrx_word' id='word_1_86' title='bbox 1404 708 1445 746; x_wconf 89' lang='lat' dir='ltr'>in</span> <span class='ocrx_word' id='word_1_87' title='bbox 1476 723 1521 747; x_wconf 93' lang='lat' dir='ltr'>ea</span> <span class='ocrx_word' id='word_1_88' title='bbox 1553 708 1651 746; x_wconf 87' lang='lat' dir='ltr'>urbe</span> <span class='ocrx_word' id='word_1_89' title='bbox 1674 707 1730 746; x_wconf 85' lang='lat' dir='ltr'>sic</span> <span class='ocrx_word' id='word_1_90' title='bbox 1751 698 1900 757; x_wconf 59' lang='lat' dir='ltr'>legitur</span> <span class='ocrx_word' id='word_1_91' title='bbox 1933 706 1977 744; x_wconf 91' lang='lat' dir='ltr'>in</span> 
     </span>
     <span class='ocr_line' id='line_1_10' title="bbox 267 766 1975 818; baseline -0.002 -10"><span class='ocrx_word' id='word_1_92' title='bbox 267 769 461 808; x_wconf 79' lang='lat' dir='ltr'>Chronico</span> <span class='ocrx_word' id='word_1_93' title='bbox 482 768 689 818; x_wconf 87' lang='lat' dir='ltr'>Aymerici</span> <span class='ocrx_word' id='word_1_94' title='bbox 709 768 757 807; x_wconf 91' lang='lat' dir='ltr'>de</span> <span class='ocrx_word' id='word_1_95' title='bbox 780 767 961 818; x_wconf 79' lang='lat' dir='ltr'>Peyraco</span> <span class='ocrx_word' id='word_1_96' title='bbox 982 768 1147 807; x_wconf 85' lang='lat' dir='ltr'>abbatis</span> <span class='ocrx_word' id='word_1_97' title='bbox 1170 768 1498 818; x_wconf 80' lang='lat' dir='ltr'>Moyssiacensis‚</span> <span class='ocrx_word' id='word_1_98' title='bbox 1521 768 1587 806; x_wconf 82' lang='lat' dir='ltr'>[ol.</span> <span class='ocrx_word' id='word_1_99' title='bbox 1612 768 1685 805; x_wconf 79' lang='grc'>147</span> <span class='ocrx_word' id='word_1_100' title='bbox 1706 774 1755 814; x_wconf 76' lang='grc' dir='ltr'>ΓΟ,</span> <span class='ocrx_word' id='word_1_101' title='bbox 1776 767 1816 804; x_wconf 86' lang='lat' dir='ltr'>in</span> <span class='ocrx_word' id='word_1_102' title='bbox 1837 766 1975 805; x_wconf 89' lang='lat' dir='ltr'>codice</span> 
     </span>
     <span class='ocr_line' id='line_1_11' title="bbox 266 826 1978 878; baseline -0.003 -10"><span class='ocrx_word' id='word_1_103' title='bbox 266 829 371 868; x_wconf 78' lang='grc'>2835</span> <span class='ocrx_word' id='word_1_104' title='bbox 397 828 671 866; x_wconf 82' lang='lat' dir='ltr'>bibliothecae</span> <span class='ocrx_word' id='word_1_105' title='bbox 702 828 961 867; x_wconf 72' lang='lat' dir='ltr'>Colbertinae</span> <span class='ocrx_word' id='word_1_106' title='bbox 980 830 994 853; x_wconf 77' lang='lat'>2</span> <span class='ocrx_word' id='word_1_107' title='bbox 1020 845 1026 866; x_wconf 89' lang='lat'>:</span> <span class='ocrx_word' id='word_1_108' title='bbox 1057 829 1116 866; x_wconf 91' lang='lat' dir='ltr'>Eo</span> <span class='ocrx_word' id='word_1_109' title='bbox 1145 837 1314 878; x_wconf 89' lang='lat' dir='ltr'>tempore</span> <span class='ocrx_word' id='word_1_110' title='bbox 1339 828 1381 865; x_wconf 90' lang='lat' dir='ltr'>in</span> <span class='ocrx_word' id='word_1_111' title='bbox 1410 828 1593 878; x_wconf 86' lang='lat' dir='ltr'>partibus</span> <span class='ocrx_word' id='word_1_112' title='bbox 1622 827 1812 865; x_wconf 86' lang='lat' dir='ltr'>occitanis</span> <span class='ocrx_word' id='word_1_113' title='bbox 1838 835 1871 864; x_wconf 92' lang='lat' dir='ltr'>et</span> <span class='ocrx_word' id='word_1_114' title='bbox 1898 826 1978 875; x_wconf 73' lang='lat' dir='ltr'>jere</span> 
     </span>
     <span class='ocr_line' id='line_1_12' title="bbox 269 885 1977 938; baseline -0.002 -12"><span class='ocrx_word' id='word_1_115' title='bbox 269 889 311 926; x_wconf 88' lang='lat' dir='ltr'>in</span> <span class='ocrx_word' id='word_1_116' title='bbox 341 897 415 926; x_wconf 90' lang='lat' dir='ltr'>toto</span> <span class='ocrx_word' id='word_1_117' title='bbox 444 902 562 938; x_wconf 76' lang='lat' dir='ltr'>regno</span> <span class='ocrx_word' id='word_1_118' title='bbox 592 887 764 925; x_wconf 88' lang='lat' dir='ltr'>Francie</span> <span class='ocrx_word' id='word_1_119' title='bbox 795 888 971 926; x_wconf 71' lang='lat' dir='ltr'>maxima</span> <span class='ocrx_word' id='word_1_120' title='bbox 1001 888 1206 925; x_wconf 80' lang='lat' dir='ltr'>commotio</span> <span class='ocrx_word' id='word_1_121' title='bbox 1231 896 1264 926; x_wconf 94' lang='lat' dir='ltr'>et</span> <span class='ocrx_word' id='word_1_122' title='bbox 1294 888 1465 926; x_wconf 75' lang='lat' dir='ltr'>turbatio</span> <span class='ocrx_word' id='word_1_123' title='bbox 1488 888 1580 937; x_wconf 74' lang='lat' dir='ltr'>fuit,</span> <span class='ocrx_word' id='word_1_124' title='bbox 1600 887 1741 925; x_wconf 84' lang='lat' dir='ltr'>seditio</span> <span class='ocrx_word' id='word_1_125' title='bbox 1764 894 1798 924; x_wconf 91' lang='lat' dir='ltr'>et</span> <span class='ocrx_word' id='word_1_126' title='bbox 1820 885 1977 924; x_wconf 89' lang='lat' dir='ltr'>malitia</span> 
     </span>
     <span class='ocr_line' id='line_1_13' title="bbox 268 945 1975 999; baseline -0.002 -14"><span class='ocrx_word' id='word_1_127' title='bbox 268 948 491 999; x_wconf 85' lang='lat' dir='ltr'>popularis,</span> <span class='ocrx_word' id='word_1_128' title='bbox 518 956 551 985; x_wconf 90' lang='lat' dir='ltr'>et</span> <span class='ocrx_word' id='word_1_129' title='bbox 571 947 691 997; x_wconf 65' lang='lat' dir='ltr'>,quasi</span> <span class='ocrx_word' id='word_1_130' title='bbox 726 962 860 985; x_wconf 83' lang='lat' dir='ltr'>omnes</span> <span class='ocrx_word' id='word_1_131' title='bbox 898 948 1197 985; x_wconf 75' lang='lat' dir='ltr'>communitates</span> <span class='ocrx_word' id='word_1_132' title='bbox 1226 948 1395 986; x_wconf 87' lang='lat' dir='ltr'>Francie</span> <span class='ocrx_word' id='word_1_133' title='bbox 1420 955 1531 985; x_wconf 88' lang='lat' dir='ltr'>erant</span> <span class='ocrx_word' id='word_1_134' title='bbox 1564 947 1755 996; x_wconf 79' lang='lat' dir='ltr'>colligate.</span> <span class='ocrx_word' id='word_1_135' title='bbox 1784 945 1866 983; x_wconf 89' lang='lat' dir='ltr'>Nec</span> <span class='ocrx_word' id='word_1_136' title='bbox 1891 959 1975 995; x_wconf 87' lang='lat' dir='ltr'>pre-</span> 
     </span>
     <span class='ocr_line' id='line_1_14' title="bbox 268 1005 1977 1057; baseline -0.002 -12"><span class='ocrx_word' id='word_1_137' title='bbox 268 1008 499 1047; x_wconf 86' lang='lat' dir='ltr'>tereundum</span> <span class='ocrx_word' id='word_1_138' title='bbox 525 1015 579 1045; x_wconf 82' lang='lat' dir='ltr'>est</span> <span class='ocrx_word' id='word_1_139' title='bbox 606 1007 707 1056; x_wconf 81' lang='lat' dir='ltr'>quod</span> <span class='ocrx_word' id='word_1_140' title='bbox 734 1007 777 1044; x_wconf 90' lang='lat' dir='ltr'>in</span> <span class='ocrx_word' id='word_1_141' title='bbox 804 1007 958 1045; x_wconf 68' lang='lat' dir='ltr'>civitate</span> <span class='ocrx_word' id='word_1_142' title='bbox 983 1007 1258 1057; x_wconf 68' lang='lat' dir='ltr'>famosissima</span> <span class='ocrx_word' id='word_1_143' title='bbox 1288 1008 1450 1045; x_wconf 83' lang='lat' dir='ltr'>Tliolose</span> <span class='ocrx_word' id='word_1_144' title='bbox 1479 1007 1716 1053; x_wconf 82' lang='lat' dir='ltr'>inordinate,</span> <span class='ocrx_word' id='word_1_145' title='bbox 1745 1005 1977 1056; x_wconf 67' lang='lat' dir='ltr'>improvide,</span> 
     </span>
     <span class='ocr_line' id='line_1_15' title="bbox 267 1064 1976 1117; baseline -0.002 -12"><span class='ocrx_word' id='word_1_146' title='bbox 267 1076 301 1106; x_wconf 90' lang='lat' dir='ltr'>et</span> <span class='ocrx_word' id='word_1_147' title='bbox 321 1067 542 1105; x_wconf 72' lang='lat' dir='ltr'>inconsulte</span> <span class='ocrx_word' id='word_1_148' title='bbox 559 1067 639 1116; x_wconf 73' lang='lat' dir='ltr'>fuit</span> <span class='ocrx_word' id='word_1_149' title='bbox 657 1067 807 1115; x_wconf 71' lang='lat' dir='ltr'>factum</span> <span class='ocrx_word' id='word_1_150' title='bbox 826 1075 859 1104; x_wconf 93' lang='lat' dir='ltr'>et</span> <span class='ocrx_word' id='word_1_151' title='bbox 879 1082 1117 1117; x_wconf 88' lang='lat' dir='ltr'>processum.</span> <span class='ocrx_word' id='word_1_152' title='bbox 1142 1068 1192 1104; x_wconf 91' lang='lat' dir='ltr'>In</span> <span class='ocrx_word' id='word_1_153' title='bbox 1212 1067 1408 1105; x_wconf 86' lang='lat' dir='ltr'>dementia</span> <span class='ocrx_word' id='word_1_154' title='bbox 1427 1075 1461 1105; x_wconf 92' lang='lat' dir='ltr'>et</span> <span class='ocrx_word' id='word_1_155' title='bbox 1481 1067 1666 1104; x_wconf 87' lang='lat' dir='ltr'>illusione</span> <span class='ocrx_word' id='word_1_156' title='bbox 1686 1065 1816 1103; x_wconf 87' lang='lat' dir='ltr'>nimia</span> <span class='ocrx_word' id='word_1_157' title='bbox 1835 1064 1976 1103; x_wconf 86' lang='lat' dir='ltr'>consti-</span> 
     </span>
     <span class='ocr_line' id='line_1_16' title="bbox 268 1126 1977 1177; baseline -0.002 -12"><span class='ocrx_word' id='word_1_158' title='bbox 268 1127 341 1165; x_wconf 88' lang='lat' dir='ltr'>tuti</span> <span class='ocrx_word' id='word_1_159' title='bbox 366 1127 541 1176; x_wconf 73' lang='lat' dir='ltr'>jecerunt</span> <span class='ocrx_word' id='word_1_160' title='bbox 566 1135 600 1164; x_wconf 91' lang='lat' dir='ltr'>et</span> <span class='ocrx_word' id='word_1_161' title='bbox 625 1126 908 1164; x_wconf 61' lang='lat' dir='ltr'>ordinaverunt</span> <span class='ocrx_word' id='word_1_162' title='bbox 933 1141 978 1164; x_wconf 68' lang='lat' dir='ltr'>ez</span> <span class='ocrx_word' id='word_1_163' title='bbox 1006 1127 1108 1176; x_wconf 89' lang='lat' dir='ltr'>ipsis</span> <span class='ocrx_word' id='word_1_164' title='bbox 1134 1128 1342 1177; x_wconf 75' lang='lat' dir='ltr'>quemdam</span> <span class='ocrx_word' id='word_1_165' title='bbox 1367 1127 1650 1177; x_wconf 87' lang='lat' dir='ltr'>capitaneaum</span> <span class='ocrx_word' id='word_1_166' title='bbox 1676 1126 1799 1176; x_wconf 87' lang='lat' dir='ltr'>Copet</span> <span class='ocrx_word' id='word_1_167' title='bbox 1825 1139 1977 1162; x_wconf 87' lang='lat' dir='ltr'>nuncu-</span> 
     </span>
     <span class='ocr_line' id='line_1_17' title="bbox 224 1185 1980 1237; baseline -0.001 -13"><span class='ocrx_word' id='word_1_168' title='bbox 224 1206 227 1207; x_wconf 43' lang='lat'><em>⁷</em></span> <span class='ocrx_word' id='word_1_169' title='bbox 268 1195 420 1237; x_wconf 82' lang='lat' dir='ltr'>patum,</span> <span class='ocrx_word' id='word_1_170' title='bbox 439 1186 690 1224; x_wconf 89' lang='lat' dir='ltr'>monoculum</span> <span class='ocrx_word' id='word_1_171' title='bbox 705 1186 916 1234; x_wconf 77' lang='lat' dir='ltr'>bominem,</span> <span class='ocrx_word' id='word_1_172' title='bbox 933 1187 1142 1236; x_wconf 78' lang='lat' dir='ltr'>pusillum,</span> <span class='ocrx_word' id='word_1_173' title='bbox 1158 1195 1192 1224; x_wconf 90' lang='lat' dir='ltr'>et</span> <span class='ocrx_word' id='word_1_174' title='bbox 1207 1187 1321 1237; x_wconf 74' lang='lat' dir='ltr'>quasi</span> <span class='ocrx_word' id='word_1_175' title='bbox 1338 1187 1525 1224; x_wconf 88' lang='lat' dir='ltr'>omnibus</span> <span class='ocrx_word' id='word_1_176' title='bbox 1540 1186 1621 1223; x_wconf 87' lang='lat' dir='ltr'>nisi</span> <span class='ocrx_word' id='word_1_177' title='bbox 1639 1185 1741 1235; x_wconf 84' lang='lat' dir='ltr'>ipsis</span> <span class='ocrx_word' id='word_1_178' title='bbox 1757 1186 1980 1235; x_wconf 84' lang='lat' dir='ltr'>despectum</span> 
     </span>
     <span class='ocr_line' id='line_1_18' title="bbox 268 1244 1980 1296; baseline -0.001 -13"><span class='ocrx_word' id='word_1_179' title='bbox 268 1255 301 1284; x_wconf 92' lang='lat' dir='ltr'>et</span> <span class='ocrx_word' id='word_1_180' title='bbox 331 1245 685 1296; x_wconf 76' lang='lat' dir='ltr'>opprobissimum,</span> <span class='ocrx_word' id='word_1_181' title='bbox 715 1245 823 1283; x_wconf 88' lang='lat' dir='ltr'>omni</span> <span class='ocrx_word' id='word_1_182' title='bbox 856 1246 953 1283; x_wconf 91' lang='lat' dir='ltr'>bono</span> <span class='ocrx_word' id='word_1_183' title='bbox 984 1246 1222 1285; x_wconf 81' lang='lat' dir='ltr'>destitutum.</span> <span class='ocrx_word' id='word_1_184' title='bbox 1255 1246 1339 1284; x_wconf 86' lang='lat' dir='ltr'>Sub</span> <span class='ocrx_word' id='word_1_185' title='bbox 1370 1246 1510 1284; x_wconf 89' lang='lat' dir='ltr'>umbra</span> <span class='ocrx_word' id='word_1_186' title='bbox 1540 1245 1672 1296; x_wconf 90' lang='lat' dir='ltr'>ipsius</span> <span class='ocrx_word' id='word_1_187' title='bbox 1701 1244 1905 1283; x_wconf 76' lang='lat' dir='ltr'>homuncii</span> <span class='ocrx_word' id='word_1_188' title='bbox 1934 1244 1980 1282; x_wconf 80' lang='lat' dir='ltr'>de</span> 
     </span>
     <span class='ocr_line' id='line_1_19' title="bbox 271 1304 1980 1356; baseline -0.001 -14"><span class='ocrx_word' id='word_1_189' title='bbox 271 1306 332 1343; x_wconf 85' lang='lat' dir='ltr'>die</span> <span class='ocrx_word' id='word_1_190' title='bbox 355 1314 389 1343; x_wconf 92' lang='lat' dir='ltr'>et</span> <span class='ocrx_word' id='word_1_191' title='bbox 412 1306 455 1343; x_wconf 83' lang='lat' dir='ltr'>de</span> <span class='ocrx_word' id='word_1_192' title='bbox 479 1314 585 1343; x_wconf 87' lang='lat' dir='ltr'>nocte</span> <span class='ocrx_word' id='word_1_193' title='bbox 608 1305 776 1355; x_wconf 80' lang='lat' dir='ltr'>plurimi</span> <span class='ocrx_word' id='word_1_194' title='bbox 800 1305 948 1343; x_wconf 84' lang='lat' dir='ltr'>crudeli</span> <span class='ocrx_word' id='word_1_195' title='bbox 973 1314 1090 1343; x_wconf 88' lang='lat' dir='ltr'>morte</span> <span class='ocrx_word' id='word_1_196' title='bbox 1116 1306 1362 1353; x_wconf 80' lang='lat' dir='ltr'>interierunt,</span> <span class='ocrx_word' id='word_1_197' title='bbox 1387 1314 1420 1343; x_wconf 92' lang='lat' dir='ltr'>et</span> <span class='ocrx_word' id='word_1_198' title='bbox 1450 1320 1596 1356; x_wconf 81' lang='lat' dir='ltr'>aquam</span> <span class='ocrx_word' id='word_1_199' title='bbox 1632 1319 1748 1355; x_wconf 73' lang='lat' dir='ltr'>quarn</span> <span class='ocrx_word' id='word_1_200' title='bbox 1779 1304 1980 1342; x_wconf 89' lang='lat' dir='ltr'>Garonam</span> 
     </span>
     <span class='ocr_line' id='line_1_20' title="bbox 271 1363 1978 1415; baseline -0.002 -12"><span class='ocrx_word' id='word_1_201' title='bbox 271 1365 408 1403; x_wconf 84' lang='lat' dir='ltr'>dicunt</span> <span class='ocrx_word' id='word_1_202' title='bbox 436 1380 543 1415; x_wconf 91' lang='lat' dir='ltr'>penu</span> <span class='ocrx_word' id='word_1_203' title='bbox 571 1365 652 1401; x_wconf 70' lang='lat' dir='ltr'>sive</span> <span class='ocrx_word' id='word_1_204' title='bbox 682 1365 779 1414; x_wconf 67' lang='lat' dir='ltr'>chag]</span> <span class='ocrx_word' id='word_1_205' title='bbox 809 1365 974 1415; x_wconf 72' lang='lat' dir='ltr'>predicti</span> <span class='ocrx_word' id='word_1_206' title='bbox 997 1365 1135 1415; x_wconf 89' lang='lat' dir='ltr'>Copeti</span> <span class='ocrx_word' id='word_1_207' title='bbox 1166 1366 1468 1415; x_wconf 85' lang='lat' dir='ltr'>nuncupabant.</span> <span class='ocrx_word' id='word_1_208' title='bbox 1496 1366 1545 1403; x_wconf 90' lang='lat' dir='ltr'>In</span> <span class='ocrx_word' id='word_1_209' title='bbox 1575 1365 1730 1403; x_wconf 66' lang='lat' dir='ltr'>civitate</span> <span class='ocrx_word' id='word_1_210' title='bbox 1760 1363 1978 1402; x_wconf 78' lang='lat' dir='ltr'>Biterrensi</span> 
     </span>
     <span class='ocr_line' id='line_1_21' title="bbox 268 1424 1978 1475; baseline -0.001 -13"><span class='ocrx_word' id='word_1_211' title='bbox 268 1430 432 1474; x_wconf 72' lang='lat' dir='ltr'>suerunt</span> <span class='ocrx_word' id='word_1_212' title='bbox 457 1424 591 1462; x_wconf 75' lang='lat' dir='ltr'>traditi</span> <span class='ocrx_word' id='word_1_213' title='bbox 616 1425 832 1474; x_wconf 80' lang='lat' dir='ltr'>suspendio</span> <span class='ocrx_word' id='word_1_214' title='bbox 857 1434 1014 1475; x_wconf 86' lang='lat' dir='ltr'>propter</span> <span class='ocrx_word' id='word_1_215' title='bbox 1039 1425 1142 1463; x_wconf 82' lang='lat' dir='ltr'>dicta</span> <span class='ocrx_word' id='word_1_216' title='bbox 1168 1426 1394 1475; x_wconf 70' lang='lat' dir='ltr'>monopolio</span> <span class='ocrx_word' id='word_1_217' title='bbox 1418 1434 1573 1463; x_wconf 90' lang='lat' dir='ltr'>centum</span> <span class='ocrx_word' id='word_1_218' title='bbox 1597 1425 1775 1462; x_wconf 71' lang='lat' dir='ltr'>homines</span> <span class='ocrx_word' id='word_1_219' title='bbox 1798 1432 1832 1461; x_wconf 90' lang='lat' dir='ltr'>et</span> <span class='ocrx_word' id='word_1_220' title='bbox 1856 1424 1978 1470; x_wconf 84' lang='lat' dir='ltr'>ultra3</span> 
     </span>
     <span class='ocr_line' id='line_1_22' title="bbox 271 1484 1977 1534; baseline -0.001 -13"><span class='ocrx_word' id='word_1_221' title='bbox 271 1492 305 1522; x_wconf 91' lang='lat' dir='ltr'>et</span> <span class='ocrx_word' id='word_1_222' title='bbox 326 1484 368 1521; x_wconf 94' lang='lat' dir='ltr'>in</span> <span class='ocrx_word' id='word_1_223' title='bbox 387 1492 460 1521; x_wconf 91' lang='lat' dir='ltr'>toto</span> <span class='ocrx_word' id='word_1_224' title='bbox 480 1498 598 1533; x_wconf 78' lang='lat' dir='ltr'>regno</span> <span class='ocrx_word' id='word_1_225' title='bbox 618 1484 885 1533; x_wconf 83' lang='lat' dir='ltr'>multiplicata</span> <span class='ocrx_word' id='word_1_226' title='bbox 903 1493 995 1522; x_wconf 87' lang='lat' dir='ltr'>sunt</span> <span class='ocrx_word' id='word_1_227' title='bbox 1015 1486 1120 1523; x_wconf 87' lang='lat' dir='ltr'>mala</span> <span class='ocrx_word' id='word_1_228' title='bbox 1139 1493 1173 1522; x_wconf 88' lang='lat' dir='ltr'>et</span> <span class='ocrx_word' id='word_1_229' title='bbox 1192 1485 1422 1534; x_wconf 86' lang='lat' dir='ltr'>punitiones</span> <span class='ocrx_word' id='word_1_230' title='bbox 1441 1494 1573 1523; x_wconf 64' lang='lat' dir='ltr'>cantra</span> <span class='ocrx_word' id='word_1_231' title='bbox 1596 1485 1791 1531; x_wconf 55' lang='lat' dir='ltr'>pediam·</span> <span class='ocrx_word' id='word_1_232' title='bbox 1808 1498 1977 1521; x_wconf 57' lang='lat' dir='ltr'>cummu-</span> 
     </span>
     <span class='ocr_line' id='line_1_23' title="bbox 274 1542 1981 1593; baseline -0.001 -12"><span class='ocrx_word' id='word_1_233' title='bbox 274 1544 429 1590; x_wconf 80' lang='lat' dir='ltr'>nitates,</span> <span class='ocrx_word' id='word_1_234' title='bbox 451 1552 492 1581; x_wconf 90' lang='lat' dir='ltr'>ut</span> <span class='ocrx_word' id='word_1_235' title='bbox 507 1544 586 1593; x_wconf 74' lang='lat' dir='ltr'>jere</span> <span class='ocrx_word' id='word_1_236' title='bbox 605 1542 710 1580; x_wconf 84' lang='lat' dir='ltr'>mille</span> <span class='ocrx_word' id='word_1_237' title='bbox 726 1544 853 1581; x_wconf 85' lang='lat' dir='ltr'>millia</span> <span class='ocrx_word' id='word_1_238' title='bbox 871 1544 1067 1581; x_wconf 87' lang='lat' dir='ltr'>librarum</span> <span class='ocrx_word' id='word_1_239' title='bbox 1087 1545 1318 1582; x_wconf 85' lang='lat' dir='ltr'>decostiterit</span> <span class='ocrx_word' id='word_1_240' title='bbox 1336 1545 1480 1582; x_wconf 83' lang='lat' dir='ltr'>eisdem</span> <span class='ocrx_word' id='word_1_241' title='bbox 1496 1543 1764 1582; x_wconf 83' lang='lat' dir='ltr'>tantummodo</span> <span class='ocrx_word' id='word_1_242' title='bbox 1781 1543 1823 1580; x_wconf 89' lang='lat' dir='ltr'>in</span> <span class='ocrx_word' id='word_1_243' title='bbox 1838 1543 1981 1591; x_wconf 74' lang='lat' dir='ltr'>lingua</span> 
     </span>
     <span class='ocr_line' id='line_1_24' title="bbox 269 1601 1981 1650; baseline -0.001 -9"><span class='ocrx_word' id='word_1_244' title='bbox 269 1603 476 1641; x_wconf 65' lang='lat' dir='ltr'>auscitano.</span> <span class='ocrx_word' id='word_1_245' title='bbox 498 1603 549 1640; x_wconf 87' lang='lat' dir='ltr'>Et</span> <span class='ocrx_word' id='word_1_246' title='bbox 579 1601 713 1640; x_wconf 80' lang='lat' dir='ltr'>multis</span> <span class='ocrx_word' id='word_1_247' title='bbox 744 1603 900 1641; x_wconf 83' lang='lat' dir='ltr'>traditis</span> <span class='ocrx_word' id='word_1_248' title='bbox 922 1603 973 1640; x_wconf 83' lang='lat' dir='ltr'>ad</span> <span class='ocrx_word' id='word_1_249' title='bbox 997 1612 1168 1650; x_wconf 79' lang='lat' dir='ltr'>mortem,</span> <span class='ocrx_word' id='word_1_250' title='bbox 1192 1604 1318 1642; x_wconf 84' lang='lat' dir='ltr'>dictus</span> <span class='ocrx_word' id='word_1_251' title='bbox 1340 1619 1406 1642; x_wconf 70' lang='lat' dir='ltr'>rex</span> <span class='ocrx_word' id='word_1_252' title='bbox 1428 1605 1605 1641; x_wconf 85' lang='lat' dir='ltr'>Karolus</span> <span class='ocrx_word' id='word_1_253' title='bbox 1628 1612 1753 1641; x_wconf 85' lang='lat' dir='ltr'>motus</span> <span class='ocrx_word' id='word_1_254' title='bbox 1776 1602 1981 1641; x_wconf 84' lang='lat' dir='ltr'>clementia</span> 
     </span>
     <span class='ocr_line' id='line_1_25' title="bbox 279 1662 926 1712; baseline 0.002 -12"><span class='ocrx_word' id='word_1_255' title='bbox 279 1662 410 1700; x_wconf 83' lang='lat' dir='ltr'>didtas</span> <span class='ocrx_word' id='word_1_256' title='bbox 431 1662 743 1712; x_wconf 77' lang='lat' dir='ltr'>conspirationes</span> <span class='ocrx_word' id='word_1_257' title='bbox 766 1663 926 1701; x_wconf 86' lang='lat' dir='ltr'>remisit.</span> 
     </span>
    </p>

    <p class='ocr_par' dir='ltr' id='par_1_4' title="bbox 269 1721 1983 2594">
     <span class='ocr_line' id='line_1_26' title="bbox 316 1721 1981 1773; baseline 0.001 -13"><span class='ocrx_word' id='word_1_258' title='bbox 316 1723 360 1761; x_wconf 86' lang='lat' dir='ltr'>P.</span> <span class='ocrx_word' id='word_1_259' title='bbox 384 1722 473 1769; x_wconf 85' lang='grc'>488,</span> <span class='ocrx_word' id='word_1_260' title='bbox 495 1722 562 1771; x_wconf 78' lang='lat' dir='ltr'>lig.</span> <span class='ocrx_word' id='word_1_261' title='bbox 588 1722 622 1760; x_wconf 86' lang='grc'>1.</span> <span class='ocrx_word' id='word_1_262' title='bbox 649 1722 881 1761; x_wconf 73' lang='lat' dir='ltr'>TOCHINOS.</span> <span class='ocrx_word' id='word_1_263' title='bbox 907 1722 1181 1761; x_wconf 86' lang='lat' dir='ltr'>Continuator</span> <span class='ocrx_word' id='word_1_264' title='bbox 1205 1723 1353 1773; x_wconf 81' lang='lat' dir='ltr'>Nangii</span> <span class='ocrx_word' id='word_1_265' title='bbox 1385 1738 1451 1762; x_wconf 90' lang='lat' dir='ltr'>eos</span> <span class='ocrx_word' id='word_1_266' title='bbox 1474 1723 1532 1761; x_wconf 84' lang='lat' dir='ltr'>ait</span> <span class='ocrx_word' id='word_1_267' title='bbox 1564 1731 1734 1761; x_wconf 83' lang='lat' dir='ltr'>vocatos</span> <span class='ocrx_word' id='word_1_268' title='bbox 1761 1721 1981 1762; x_wconf 81' lang='lat' dir='ltr'>Tuchinos.</span> 
     </span>
     <span class='ocr_line' id='line_1_27' title="bbox 270 1780 1979 1831; baseline 0.001 -13"><span class='ocrx_word' id='word_1_269' title='bbox 270 1781 382 1820; x_wconf 86' lang='lat' dir='ltr'>Haec</span> <span class='ocrx_word' id='word_1_270' title='bbox 409 1790 506 1819; x_wconf 86' lang='lat' dir='ltr'>sunt</span> <span class='ocrx_word' id='word_1_271' title='bbox 527 1781 614 1831; x_wconf 87' lang='lat' dir='ltr'>ejus</span> <span class='ocrx_word' id='word_1_272' title='bbox 640 1782 766 1820; x_wconf 79' lang='lat' dir='ltr'>verba</span> <span class='ocrx_word' id='word_1_273' title='bbox 787 1781 829 1819; x_wconf 90' lang='lat' dir='ltr'>in</span> <span class='ocrx_word' id='word_1_274' title='bbox 850 1782 1058 1828; x_wconf 84' lang='lat' dir='ltr'>codicibus</span> <span class='ocrx_word' id='word_1_275' title='bbox 1080 1781 1159 1820; x_wconf 82' lang='lat'>606</span> <span class='ocrx_word' id='word_1_276' title='bbox 1177 1792 1217 1821; x_wconf 80' lang='lat' dir='ltr'>et</span> <span class='ocrx_word' id='word_1_277' title='bbox 1237 1782 1343 1822; x_wconf 79' lang='grc'>3286</span> <span class='ocrx_word' id='word_1_278' title='bbox 1361 1782 1636 1821; x_wconf 87' lang='lat' dir='ltr'>bibliothecae</span> <span class='ocrx_word' id='word_1_279' title='bbox 1658 1781 1917 1821; x_wconf 85' lang='lat' dir='ltr'>Colbertinae</span> <span class='ocrx_word' id='word_1_280' title='bbox 1934 1780 1949 1803; x_wconf 83' lang='lat'><strong>3</strong></span> <span class='ocrx_word' id='word_1_281' title='bbox 1972 1798 1979 1819; x_wconf 72' lang='grc' dir='ltr'>ε</span> 
     </span>
     <span class='ocr_line' id='line_1_28' title="bbox 269 1840 1981 1893; baseline -0.001 -14"><span class='ocrx_word' id='word_1_282' title='bbox 269 1841 375 1879; x_wconf 86' lang='lat' dir='ltr'>Sane</span> <span class='ocrx_word' id='word_1_283' title='bbox 406 1840 615 1878; x_wconf 80' lang='lat' dir='ltr'>multitudo</span> <span class='ocrx_word' id='word_1_284' title='bbox 645 1841 822 1879; x_wconf 70' lang='lat' dir='ltr'>maxima</span> <span class='ocrx_word' id='word_1_285' title='bbox 851 1842 1209 1891; x_wconf 84' lang='lat' dir='ltr'>abjectissimorum</span> <span class='ocrx_word' id='word_1_286' title='bbox 1242 1843 1428 1889; x_wconf 65' lang='lat' dir='ltr'>virorum,</span> <span class='ocrx_word' id='word_1_287' title='bbox 1452 1842 1519 1893; x_wconf 78' lang='lat' dir='ltr'>qui</span> <span class='ocrx_word' id='word_1_288' title='bbox 1541 1842 1587 1879; x_wconf 85' lang='lat' dir='ltr'>ob</span> <span class='ocrx_word' id='word_1_289' title='bbox 1615 1841 1835 1879; x_wconf 83' lang='lat' dir='ltr'>inconditos</span> <span class='ocrx_word' id='word_1_290' title='bbox 1857 1854 1981 1879; x_wconf 88' lang='lat' dir='ltr'>mores</span> 
     </span>
     <span class='ocr_line' id='line_1_29' title="bbox 273 1900 1983 1952; baseline 0.001 -15"><span class='ocrx_word' id='word_1_291' title='bbox 273 1900 449 1938; x_wconf 78' lang='lat' dir='ltr'>Tuchini</span> <span class='ocrx_word' id='word_1_292' title='bbox 472 1900 717 1948; x_wconf 77' lang='lat' dir='ltr'>dicebantur,</span> <span class='ocrx_word' id='word_1_293' title='bbox 743 1901 887 1951; x_wconf 79' lang='lat' dir='ltr'>ubique</span> <span class='ocrx_word' id='word_1_294' title='bbox 912 1902 954 1938; x_wconf 89' lang='lat' dir='ltr'>in</span> <span class='ocrx_word' id='word_1_295' title='bbox 979 1902 1060 1939; x_wconf 81' lang='lat' dir='ltr'>illis</span> <span class='ocrx_word' id='word_1_296' title='bbox 1083 1902 1267 1952; x_wconf 87' lang='lat' dir='ltr'>partibus</span> <span class='ocrx_word' id='word_1_297' title='bbox 1291 1903 1392 1940; x_wconf 68' lang='lat' dir='ltr'>velut</span> <span class='ocrx_word' id='word_1_298' title='bbox 1416 1902 1582 1952; x_wconf 82' lang='lat' dir='ltr'>inquieti</span> <span class='ocrx_word' id='word_1_299' title='bbox 1606 1916 1751 1939; x_wconf 73' lang='lat' dir='ltr'>vermes</span> <span class='ocrx_word' id='word_1_300' title='bbox 1775 1901 1983 1951; x_wconf 80' lang='lat' dir='ltr'>inopinate</span> 
     </span>
     <span class='ocr_line' id='line_1_30' title="bbox 269 1960 1980 2011; baseline 0.001 -15"><span class='ocrx_word' id='word_1_301' title='bbox 269 1968 482 2010; x_wconf 83' lang='lat' dir='ltr'>eruperant</span> <span class='ocrx_word' id='word_1_302' title='bbox 508 1975 515 1997; x_wconf 73' lang='grc' dir='ltr'>ε</span> <span class='ocrx_word' id='word_1_303' title='bbox 544 1960 611 2009; x_wconf 80' lang='lat' dir='ltr'>qui</span> <span class='ocrx_word' id='word_1_304' title='bbox 637 1960 802 1997; x_wconf 84' lang='lat' dir='ltr'>dimisso</span> <span class='ocrx_word' id='word_1_305' title='bbox 830 1961 1150 1999; x_wconf 77' lang='lat' dir='ltr'>mechanicarum</span> <span class='ocrx_word' id='word_1_306' title='bbox 1174 1962 1323 1999; x_wconf 89' lang='lat' dir='ltr'>artium</span> <span class='ocrx_word' id='word_1_307' title='bbox 1348 1970 1382 1999; x_wconf 94' lang='lat' dir='ltr'>et</span> <span class='ocrx_word' id='word_1_308' title='bbox 1406 1962 1647 2011; x_wconf 78' lang='lat' dir='ltr'>agriculture</span> <span class='ocrx_word' id='word_1_309' title='bbox 1671 1961 1817 2008; x_wconf 84' lang='lat' dir='ltr'>studio,</span> <span class='ocrx_word' id='word_1_310' title='bbox 1845 1969 1980 1998; x_wconf 85' lang='lat' dir='ltr'>mutuo</span> 
     </span>
     <span class='ocr_line' id='line_1_31' title="bbox 269 2019 1981 2071; baseline 0.001 -15"><span class='ocrx_word' id='word_1_311' title='bbox 269 2033 308 2056; x_wconf 82' lang='lat' dir='ltr'>se</span> <span class='ocrx_word' id='word_1_312' title='bbox 328 2020 565 2066; x_wconf 74' lang='lat' dir='ltr'>adunantes,</span> <span class='ocrx_word' id='word_1_313' title='bbox 586 2019 833 2057; x_wconf 86' lang='lat' dir='ltr'>terribilibus</span> <span class='ocrx_word' id='word_1_314' title='bbox 852 2021 1111 2058; x_wconf 84' lang='lat' dir='ltr'>sacramentis</span> <span class='ocrx_word' id='word_1_315' title='bbox 1131 2036 1212 2058; x_wconf 88' lang='lat' dir='ltr'>sese</span> <span class='ocrx_word' id='word_1_316' title='bbox 1232 2021 1527 2059; x_wconf 70' lang='lat' dir='ltr'>adstrinscerant</span> <span class='ocrx_word' id='word_1_317' title='bbox 1546 2022 1648 2071; x_wconf 80' lang='lat' dir='ltr'>quod</span> <span class='ocrx_word' id='word_1_318' title='bbox 1667 2020 1850 2070; x_wconf 81' lang='lat' dir='ltr'>deinceps</span> <span class='ocrx_word' id='word_1_319' title='bbox 1871 2020 1981 2057; x_wconf 88' lang='lat' dir='ltr'>nullo</span> 
     </span>
     <span class='ocr_line' id='line_1_32' title="bbox 269 2078 1982 2131; baseline 0.001 -16"><span class='ocrx_word' id='word_1_320' title='bbox 269 2078 365 2128; x_wconf 80' lang='lat' dir='ltr'>jugo</span> <span class='ocrx_word' id='word_1_321' title='bbox 383 2078 658 2116; x_wconf 79' lang='lat' dir='ltr'>subsidiorum</span> <span class='ocrx_word' id='word_1_322' title='bbox 676 2080 773 2117; x_wconf 85' lang='lat' dir='ltr'>colla</span> <span class='ocrx_word' id='word_1_323' title='bbox 790 2080 1075 2127; x_wconf 83' lang='lat' dir='ltr'>submitterent,</span> <span class='ocrx_word' id='word_1_324' title='bbox 1094 2082 1162 2118; x_wconf 86' lang='lat' dir='ltr'>sed</span> <span class='ocrx_word' id='word_1_325' title='bbox 1179 2081 1306 2131; x_wconf 89' lang='lat' dir='ltr'>patrie</span> <span class='ocrx_word' id='word_1_326' title='bbox 1324 2081 1532 2131; x_wconf 78' lang='lat' dir='ltr'>antiquam</span> <span class='ocrx_word' id='word_1_327' title='bbox 1549 2088 1745 2118; x_wconf 66' lang='lat' dir='ltr'>servantes</span> <span class='ocrx_word' id='word_1_328' title='bbox 1765 2080 1982 2118; x_wconf 89' lang='lat' dir='ltr'>libertatem</span> 
     </span>
     <span class='ocr_line' id='line_1_33' title="bbox 272 2138 1979 2190; baseline 0.001 -15"><span class='ocrx_word' id='word_1_329' title='bbox 272 2138 340 2175; x_wconf 80' lang='lat' dir='ltr'>hoc</span> <span class='ocrx_word' id='word_1_330' title='bbox 364 2152 465 2175; x_wconf 89' lang='lat' dir='ltr'>onus</span> <span class='ocrx_word' id='word_1_331' title='bbox 489 2139 755 2188; x_wconf 83' lang='lat' dir='ltr'>dampnosum</span> <span class='ocrx_word' id='word_1_332' title='bbox 778 2148 951 2177; x_wconf 69' lang='lat' dir='ltr'>excutere</span> <span class='ocrx_word' id='word_1_333' title='bbox 976 2140 1129 2177; x_wconf 73' lang='lat' dir='ltr'>viribus</span> <span class='ocrx_word' id='word_1_334' title='bbox 1153 2149 1439 2190; x_wconf 87' lang='lat' dir='ltr'>attemptarent.</span> <span class='ocrx_word' id='word_1_335' title='bbox 1467 2140 1624 2178; x_wconf 88' lang='lat' dir='ltr'>Eodem</span> <span class='ocrx_word' id='word_1_336' title='bbox 1649 2140 1852 2178; x_wconf 89' lang='lat' dir='ltr'>vocabulo</span> <span class='ocrx_word' id='word_1_337' title='bbox 1877 2138 1979 2177; x_wconf 88' lang='lat' dir='ltr'>desi—</span> 
     </span>
     <span class='ocr_line' id='line_1_34' title="bbox 274 2197 1981 2251; baseline 0.001 -17"><span class='ocrx_word' id='word_1_338' title='bbox 274 2197 388 2247; x_wconf 77' lang='lat' dir='ltr'>gnati</span> <span class='ocrx_word' id='word_1_339' title='bbox 406 2197 667 2251; x_wconf 85' lang='lat' dir='ltr'>reperiuntur</span> <span class='ocrx_word' id='word_1_340' title='bbox 684 2198 725 2235; x_wconf 92' lang='lat' dir='ltr'>in</span> <span class='ocrx_word' id='word_1_341' title='bbox 744 2198 870 2236; x_wconf 88' lang='lat' dir='ltr'>literis</span> <span class='ocrx_word' id='word_1_342' title='bbox 893 2199 1035 2237; x_wconf 83' lang='lat' dir='ltr'>Karoli</span> <span class='ocrx_word' id='word_1_343' title='bbox 1054 2200 1110 2237; x_wconf 87' lang='lat' dir='ltr'>VI</span> <span class='ocrx_word' id='word_1_344' title='bbox 1129 2200 1231 2249; x_wconf 82' lang='lat' dir='ltr'>regis</span> <span class='ocrx_word' id='word_1_345' title='bbox 1253 2200 1505 2239; x_wconf 87' lang='lat' dir='ltr'>Francorum</span> <span class='ocrx_word' id='word_1_346' title='bbox 1524 2199 1630 2238; x_wconf 88' lang='lat' dir='ltr'>datis</span> <span class='ocrx_word' id='word_1_347' title='bbox 1650 2199 1761 2250; x_wconf 88' lang='lat' dir='ltr'>apud</span> <span class='ocrx_word' id='word_1_348' title='bbox 1781 2199 1981 2237; x_wconf 83' lang='lat' dir='ltr'>Sanctum</span> 
     </span>
     <span class='ocr_line' id='line_1_35' title="bbox 274 2256 1978 2308; baseline 0.001 -14"><span class='ocrx_word' id='word_1_349' title='bbox 274 2257 526 2295; x_wconf 78' lang='lat' dir='ltr'>Germanum</span> <span class='ocrx_word' id='word_1_350' title='bbox 542 2256 584 2294; x_wconf 93' lang='lat' dir='ltr'>in</span> <span class='ocrx_word' id='word_1_351' title='bbox 602 2257 714 2307; x_wconf 84' lang='lat' dir='ltr'>Laya</span> <span class='ocrx_word' id='word_1_352' title='bbox 732 2272 840 2296; x_wconf 92' lang='lat' dir='ltr'>anno</span> <span class='ocrx_word' id='word_1_353' title='bbox 859 2258 1251 2307; x_wconf 81' lang='lat' dir='ltr'><strong>MCCCLXXXIII,</strong></span> <span class='ocrx_word' id='word_1_354' title='bbox 1270 2259 1332 2297; x_wconf 89' lang='lat' dir='ltr'>die</span> <span class='ocrx_word' id='word_1_355' title='bbox 1351 2274 1453 2297; x_wconf 82' lang='lat' dir='ltr'>xvm</span> <span class='ocrx_word' id='word_1_356' title='bbox 1472 2259 1625 2306; x_wconf 85' lang='lat' dir='ltr'>martii,</span> <span class='ocrx_word' id='word_1_357' title='bbox 1642 2259 1714 2297; x_wconf 87' lang='lat' dir='ltr'>ubi</span> <span class='ocrx_word' id='word_1_358' title='bbox 1731 2258 1786 2297; x_wconf 84' lang='lat' dir='ltr'>sic</span> <span class='ocrx_word' id='word_1_359' title='bbox 1803 2258 1952 2308; x_wconf 82' lang='lat' dir='ltr'>legitur</span> <span class='ocrx_word' id='word_1_360' title='bbox 1971 2273 1978 2295; x_wconf 91' lang='lat'>:</span> 
     </span>
     <span class='ocr_line' id='line_1_36' title="bbox 275 2315 1980 2369; baseline 0.001 -16"><span class='ocrx_word' id='word_1_361' title='bbox 275 2315 424 2353; x_wconf 79' lang='lat' dir='ltr'>Notum</span> <span class='ocrx_word' id='word_1_362' title='bbox 454 2316 626 2365; x_wconf 75' lang='lat' dir='ltr'>facimus</span> <span class='ocrx_word' id='word_1_363' title='bbox 660 2317 858 2354; x_wconf 66' lang='lat' dir='ltr'>universis</span> <span class='ocrx_word' id='word_1_364' title='bbox 889 2319 1139 2368; x_wconf 87' lang='lat' dir='ltr'>presentibus</span> <span class='ocrx_word' id='word_1_365' title='bbox 1170 2327 1204 2356; x_wconf 90' lang='lat' dir='ltr'>et</span> <span class='ocrx_word' id='word_1_366' title='bbox 1233 2319 1383 2368; x_wconf 70' lang='lat' dir='ltr'>suturis</span> <span class='ocrx_word' id='word_1_367' title='bbox 1415 2319 1531 2356; x_wconf 89' lang='lat' dir='ltr'>nobis</span> <span class='ocrx_word' id='word_1_368' title='bbox 1562 2333 1632 2369; x_wconf 90' lang='lat' dir='ltr'>pro</span> <span class='ocrx_word' id='word_1_369' title='bbox 1664 2326 1774 2368; x_wconf 89' lang='lat' dir='ltr'>parte</span> <span class='ocrx_word' id='word_1_370' title='bbox 1805 2317 1980 2355; x_wconf 81' lang='lat' dir='ltr'>Honorii</span> 
     </span>
     <span class='ocr_line' id='line_1_37' title="bbox 275 2375 1982 2428; baseline 0.002 -17"><span class='ocrx_word' id='word_1_371' title='bbox 275 2375 452 2412; x_wconf 88' lang='lat' dir='ltr'>Firmini</span> <span class='ocrx_word' id='word_1_372' title='bbox 479 2376 668 2425; x_wconf 80' lang='lat' dir='ltr'>armigeri</span> <span class='ocrx_word' id='word_1_373' title='bbox 694 2377 918 2426; x_wconf 62' lang='lat' dir='ltr'>expositam</span> <span class='ocrx_word' id='word_1_374' title='bbox 941 2378 1068 2426; x_wconf 73' lang='lat' dir='ltr'>fuisse</span> <span class='ocrx_word' id='word_1_375' title='bbox 1092 2379 1206 2428; x_wconf 77' lang='lat' dir='ltr'>quod,</span> <span class='ocrx_word' id='word_1_376' title='bbox 1229 2393 1317 2416; x_wconf 89' lang='lat' dir='ltr'>cum</span> <span class='ocrx_word' id='word_1_377' title='bbox 1339 2387 1468 2426; x_wconf 78' lang='lat' dir='ltr'>gentes</span> <span class='ocrx_word' id='word_1_378' title='bbox 1491 2386 1524 2416; x_wconf 89' lang='lat' dir='ltr'>et</span> <span class='ocrx_word' id='word_1_379' title='bbox 1549 2378 1787 2416; x_wconf 77' lang='lat' dir='ltr'>habitatores</span> <span class='ocrx_word' id='word_1_380' title='bbox 1813 2377 1886 2415; x_wconf 90' lang='lat' dir='ltr'>loci</span> <span class='ocrx_word' id='word_1_381' title='bbox 1912 2391 1982 2414; x_wconf 82' lang='lat' dir='ltr'>seu</span> 
     </span>
     <span class='ocr_line' id='line_1_38' title="bbox 276 2434 1982 2488; baseline 0.001 -17"><span class='ocrx_word' id='word_1_382' title='bbox 276 2434 364 2471; x_wconf 60' lang='lat' dir='ltr'>ville</span> <span class='ocrx_word' id='word_1_383' title='bbox 398 2435 622 2472; x_wconf 82' lang='lat' dir='ltr'>Vicinobrii</span> <span class='ocrx_word' id='word_1_384' title='bbox 651 2436 809 2473; x_wconf 86' lang='lat' dir='ltr'>rebelles</span> <span class='ocrx_word' id='word_1_385' title='bbox 837 2446 963 2475; x_wconf 89' lang='lat' dir='ltr'>essent</span> <span class='ocrx_word' id='word_1_386' title='bbox 990 2453 1036 2475; x_wconf 90' lang='lat' dir='ltr'>ac</span> <span class='ocrx_word' id='word_1_387' title='bbox 1064 2446 1233 2475; x_wconf 91' lang='lat' dir='ltr'>tenerent</span> <span class='ocrx_word' id='word_1_388' title='bbox 1260 2446 1413 2488; x_wconf 89' lang='lat' dir='ltr'>partem</span> <span class='ocrx_word' id='word_1_389' title='bbox 1446 2437 1729 2484; x_wconf 78' lang='lat' dir='ltr'>Tuchinorum,</span> <span class='ocrx_word' id='word_1_390' title='bbox 1762 2437 1919 2486; x_wconf 80' lang='lat' dir='ltr'>ipseque</span> <span class='ocrx_word' id='word_1_391' title='bbox 1948 2444 1982 2473; x_wconf 88' lang='lat' dir='ltr'>et</span> 
     </span>
     <span class='ocr_line' id='line_1_39' title="bbox 272 2494 1981 2545; baseline 0.002 -15"><span class='ocrx_word' id='word_1_392' title='bbox 272 2494 357 2542; x_wconf 85' lang='lat' dir='ltr'>ejus</span> <span class='ocrx_word' id='word_1_393' title='bbox 386 2508 495 2541; x_wconf 59' lang='lat' dir='ltr'>uror,</span> <span class='ocrx_word' id='word_1_394' title='bbox 542 2495 657 2532; x_wconf 85' lang='lat' dir='ltr'>liberi</span> <span class='ocrx_word' id='word_1_395' title='bbox 683 2503 796 2545; x_wconf 77' lang='lat' dir='ltr'>atque</span> <span class='ocrx_word' id='word_1_396' title='bbox 819 2505 940 2534; x_wconf 91' lang='lat' dir='ltr'>mater</span> <span class='ocrx_word' id='word_1_397' title='bbox 964 2497 1057 2534; x_wconf 86' lang='lat' dir='ltr'>dicti</span> <span class='ocrx_word' id='word_1_398' title='bbox 1078 2497 1253 2534; x_wconf 87' lang='lat' dir='ltr'>Honorii</span> <span class='ocrx_word' id='word_1_399' title='bbox 1281 2497 1428 2535; x_wconf 83' lang='lat' dir='ltr'>ibidem</span> <span class='ocrx_word' id='word_1_400' title='bbox 1447 2504 1792 2543; x_wconf 85' lang='lat' dir='ltr'>commorarentur,</span> <span class='ocrx_word' id='word_1_401' title='bbox 1818 2509 1981 2545; x_wconf 80' lang='lat' dir='ltr'>cumque</span> 
     </span>
     <span class='ocr_line' id='line_1_40' title="bbox 274 2553 1982 2594; baseline 0.002 -5"><span class='ocrx_word' id='word_1_402' title='bbox 274 2553 400 2590; x_wconf 84' lang='lat' dir='ltr'>dictus</span> <span class='ocrx_word' id='word_1_403' title='bbox 435 2554 643 2591; x_wconf 88' lang='lat' dir='ltr'>Honorius</span> <span class='ocrx_word' id='word_1_404' title='bbox 681 2554 783 2592; x_wconf 89' lang='lat' dir='ltr'>iram</span> <span class='ocrx_word' id='word_1_405' title='bbox 818 2564 851 2593; x_wconf 91' lang='lat' dir='ltr'>et</span> <span class='ocrx_word' id='word_1_406' title='bbox 886 2556 1183 2594; x_wconf 86' lang='lat' dir='ltr'>commotionem</span> <span class='ocrx_word' id='word_1_407' title='bbox 1217 2557 1411 2594; x_wconf 85' lang='lat' dir='ltr'>dictorum</span> <span class='ocrx_word' id='word_1_408' title='bbox 1449 2557 1721 2593; x_wconf 80' lang='lat' dir='ltr'>Tucliinorum</span> <span class='ocrx_word' id='word_1_409' title='bbox 1757 2555 1899 2593; x_wconf 86' lang='lat' dir='ltr'>timens</span> <span class='ocrx_word' id='word_1_410' title='bbox 1935 2569 1982 2592; x_wconf 86' lang='lat' dir='ltr'>ne</span> 
     </span>
    </p>
   </div>
   <div class='ocr_carea' id='block_1_3' title="bbox 328 2707 1983 2755">
    <p class='ocr_par' dir='ltr' id='par_1_5' title="bbox 328 2707 1983 2755">
     <span class='ocr_line' id='line_1_41' title="bbox 328 2707 1983 2755; baseline 0.003 -17"><span class='ocrx_word' id='word_1_411' title='bbox 328 2708 355 2739; x_wconf 87' lang='lat'>1.</span> <span class='ocrx_word' id='word_1_412' title='bbox 386 2707 574 2741; x_wconf 78' lang='lat' dir='ltr'>D&#39;Hozicr</span> <span class='ocrx_word' id='word_1_413' title='bbox 595 2711 754 2752; x_wconf 79' lang='lat' dir='ltr'>pretend</span> <span class='ocrx_word' id='word_1_414' title='bbox 776 2722 847 2753; x_wconf 85' lang='lat' dir='ltr'>que</span> <span class='ocrx_word' id='word_1_415' title='bbox 870 2711 992 2745; x_wconf 79' lang='lat' dir='ltr'>Pierre</span> <span class='ocrx_word' id='word_1_416' title='bbox 1015 2713 1059 2744; x_wconf 85' lang='lat' dir='ltr'>de</span> <span class='ocrx_word' id='word_1_417' title='bbox 1082 2712 1202 2755; x_wconf 79' lang='lat' dir='ltr'>Puget</span> <span class='ocrx_word' id='word_1_418' title='bbox 1223 2712 1442 2745; x_wconf 85' lang='lat' dir='ltr'>descendait</span> <span class='ocrx_word' id='word_1_419' title='bbox 1465 2712 1556 2744; x_wconf 83' lang='lat' dir='ltr'>d&#39;un</span> <span class='ocrx_word' id='word_1_420' title='bbox 1577 2711 1810 2755; x_wconf 84' lang='lat' dir='ltr'>apothicaire</span> <span class='ocrx_word' id='word_1_421' title='bbox 1832 2711 1983 2744; x_wconf 87' lang='lat' dir='ltr'>toulou-</span> 
     </span>
    </p>
   </div>
   <div class='ocr_carea' id='block_1_4' title="bbox 275 2760 2031 2861">
    <p class='ocr_par' dir='ltr' id='par_1_6' title="bbox 275 2760 2031 2861">
     <span class='ocr_line' id='line_1_42' title="bbox 275 2760 2031 2808; baseline 0.003 -17"><span class='ocrx_word' id='word_1_422' title='bbox 275 2760 355 2792; x_wconf 75' lang='lat' dir='ltr'>sain</span> <span class='ocrx_word' id='word_1_423' title='bbox 377 2767 413 2793; x_wconf 73' lang='lat' dir='ltr'>ct</span> <span class='ocrx_word' id='word_1_424' title='bbox 435 2773 505 2804; x_wconf 83' lang='lat' dir='ltr'>quc</span> <span class='ocrx_word' id='word_1_425' title='bbox 528 2762 665 2795; x_wconf 79' lang='lat' dir='ltr'>Baluze</span> <span class='ocrx_word' id='word_1_426' title='bbox 688 2774 708 2795; x_wconf 83' lang='lat' dir='ltr'>a</span> <span class='ocrx_word' id='word_1_427' title='bbox 727 2764 843 2797; x_wconf 89' lang='lat' dir='ltr'>voulu</span> <span class='ocrx_word' id='word_1_428' title='bbox 860 2764 990 2798; x_wconf 73' lang='lat' dir='ltr'>flatier</span> <span class='ocrx_word' id='word_1_429' title='bbox 1009 2777 1049 2798; x_wconf 86' lang='lat' dir='ltr'>sa</span> <span class='ocrx_word' id='word_1_430' title='bbox 1067 2765 1195 2799; x_wconf 80' lang='lat' dir='ltr'>vanite</span> <span class='ocrx_word' id='word_1_431' title='bbox 1217 2765 1267 2808; x_wconf 81' lang='lat' dir='ltr'>(B.</span> <span class='ocrx_word' id='word_1_432' title='bbox 1288 2766 1345 2805; x_wconf 88' lang='lat' dir='ltr'>N.,</span> <span class='ocrx_word' id='word_1_433' title='bbox 1368 2766 1530 2799; x_wconf 83' lang='lat' dir='ltr'>Reserve</span> <span class='ocrx_word' id='word_1_434' title='bbox 1550 2765 1588 2797; x_wconf 90' lang='lat' dir='ltr'><em>H</em></span> <span class='ocrx_word' id='word_1_435' title='bbox 1605 2764 1709 2805; x_wconf 80' lang='lat'><em>1097,</em></span> <span class='ocrx_word' id='word_1_436' title='bbox 1729 2765 1894 2798; x_wconf 81' lang='lat'>0011299</span> <span class='ocrx_word' id='word_1_437' title='bbox 1917 2765 1981 2797; x_wconf 85' lang='lat' dir='ltr'>des</span> <span class='ocrx_word' id='word_1_438' title='bbox 2028 2788 2031 2789; x_wconf 25' lang='grc' dir='ltr'><em>ν</em></span> 
     </span>
     <span class='ocr_line' id='line_1_43' title="bbox 281 2812 964 2861; baseline 0.01 -17"><span class='ocrx_word' id='word_1_439' title='bbox 281 2813 387 2845; x_wconf 68' lang='lat' dir='ltr'>l&#39;ilae</span> <span class='ocrx_word' id='word_1_440' title='bbox 406 2812 599 2856; x_wconf 78' lang='lat' dir='ltr'>Paparurn</span> <span class='ocrx_word' id='word_1_441' title='bbox 619 2815 964 2861; x_wconf 72' lang='lat' dir='ltr'>Avenionensium).</span> 
     </span>
    </p>
   </div>
   <div class='ocr_carea' id='block_1_5' title="bbox 279 2867 1983 3021">
    <p class='ocr_par' dir='ltr' id='par_1_7' title="bbox 279 2867 1983 3021">
     <span class='ocr_line' id='line_1_44' title="bbox 328 2867 895 2907; baseline 0.012 -10"><span class='ocrx_word' id='word_1_442' title='bbox 328 2868 356 2898; x_wconf 69' lang='lat'>2.</span> <span class='ocrx_word' id='word_1_443' title='bbox 384 2868 419 2899; x_wconf 69' lang='lat'>13.</span> <span class='ocrx_word' id='word_1_444' title='bbox 446 2867 502 2907; x_wconf 63' lang='lat' dir='ltr'>N„</span> <span class='ocrx_word' id='word_1_445' title='bbox 526 2880 593 2901; x_wconf 83' lang='lat' dir='ltr'>ms.</span> <span class='ocrx_word' id='word_1_446' title='bbox 616 2869 710 2902; x_wconf 82' lang='lat' dir='ltr'>latin</span> <span class='ocrx_word' id='word_1_447' title='bbox 732 2870 827 2903; x_wconf 75' lang='lat'><em>4991</em></span> <span class='ocrx_word' id='word_1_448' title='bbox 849 2871 895 2903; x_wconf 87' lang='lat' dir='ltr'>A.</span> 
     </span>
     <span class='ocr_line' id='line_1_45' title="bbox 326 2920 1983 2968; baseline 0.005 -17"><span class='ocrx_word' id='word_1_449' title='bbox 326 2920 356 2951; x_wconf 82' lang='lat'>3.</span> <span class='ocrx_word' id='word_1_450' title='bbox 382 2920 419 2952; x_wconf 71' lang='lat'>13.</span> <span class='ocrx_word' id='word_1_451' title='bbox 447 2921 500 2959; x_wconf 61' lang='lat' dir='ltr'>N„</span> <span class='ocrx_word' id='word_1_452' title='bbox 525 2933 611 2954; x_wconf 85' lang='lat' dir='ltr'>mss.</span> <span class='ocrx_word' id='word_1_453' title='bbox 646 2923 758 2956; x_wconf 78' lang='lat' dir='ltr'>latins</span> <span class='ocrx_word' id='word_1_454' title='bbox 788 2923 893 2964; x_wconf 79' lang='lat'><em>5958,</em></span> <span class='ocrx_word' id='word_1_455' title='bbox 925 2925 986 2958; x_wconf 79' lang='lat' dir='ltr'>fol.</span> <span class='ocrx_word' id='word_1_456' title='bbox 1018 2926 1063 2958; x_wconf 79' lang='lat'>36</span> <span class='ocrx_word' id='word_1_457' title='bbox 1093 2928 1139 2965; x_wconf 87' lang='lat' dir='ltr'>r0,</span> <span class='ocrx_word' id='word_1_458' title='bbox 1170 2931 1208 2958; x_wconf 83' lang='lat' dir='ltr'>et</span> <span class='ocrx_word' id='word_1_459' title='bbox 1236 2925 1347 2965; x_wconf 83' lang='lat'><em>5960;</em></span> <span class='ocrx_word' id='word_1_460' title='bbox 1378 2925 1608 2968; x_wconf 77' lang='lat' dir='ltr'>Chroniqites</span> <span class='ocrx_word' id='word_1_461' title='bbox 1639 2925 1689 2957; x_wconf 82' lang='lat' dir='ltr'>du</span> <span class='ocrx_word' id='word_1_462' title='bbox 1716 2924 1914 2966; x_wconf 73' lang='lat' dir='ltr'>Religieux</span> <span class='ocrx_word' id='word_1_463' title='bbox 1940 2923 1983 2955; x_wconf 73' lang='lat' dir='ltr'>(le</span> 
     </span>
     <span class='ocr_line' id='line_1_46' title="bbox 279 2972 1980 3021; baseline 0.005 -20"><span class='ocrx_word' id='word_1_464' title='bbox 279 2972 313 3003; x_wconf 66' lang='lat' dir='ltr'>S.</span> <span class='ocrx_word' id='word_1_465' title='bbox 336 2973 470 3013; x_wconf 57' lang='lat' dir='ltr'>Darius,</span> <span class='ocrx_word' id='word_1_466' title='bbox 494 2975 549 3007; x_wconf 76' lang='lat' dir='ltr'>ed.</span> <span class='ocrx_word' id='word_1_467' title='bbox 573 2975 779 3019; x_wconf 74' lang='lat' dir='ltr'>Bellaguet,</span> <span class='ocrx_word' id='word_1_468' title='bbox 807 2984 829 3010; x_wconf 77' lang='lat' dir='ltr'>t.</span> <span class='ocrx_word' id='word_1_469' title='bbox 852 2989 874 3017; x_wconf 89' lang='lat'>1,</span> <span class='ocrx_word' id='word_1_470' title='bbox 897 2990 931 3021; x_wconf 90' lang='lat' dir='ltr'>p.</span> <span class='ocrx_word' id='word_1_471' title='bbox 954 2979 1036 3011; x_wconf 88' lang='grc'>306.</span> <span class='ocrx_word' id='word_1_472' title='bbox 1052 2997 1102 3001; x_wconf 77' lang='lat'>—</span> <span class='ocrx_word' id='word_1_473' title='bbox 1117 2979 1188 3012; x_wconf 88' lang='lat' dir='ltr'>Sur</span> <span class='ocrx_word' id='word_1_474' title='bbox 1208 2979 1257 3012; x_wconf 88' lang='lat' dir='ltr'>les</span> <span class='ocrx_word' id='word_1_475' title='bbox 1275 2979 1452 3019; x_wconf 81' lang='lat' dir='ltr'>Tuchins,</span> <span class='ocrx_word' id='word_1_476' title='bbox 1472 2979 1553 3011; x_wconf 83' lang='lat' dir='ltr'>voir</span> <span class='ocrx_word' id='word_1_477' title='bbox 1572 2978 1738 3011; x_wconf 81' lang='lat' dir='ltr'>Histoire</span> <span class='ocrx_word' id='word_1_478' title='bbox 1756 2978 1797 3010; x_wconf 82' lang='lat' dir='ltr'>cle</span> <span class='ocrx_word' id='word_1_479' title='bbox 1809 2976 1980 3019; x_wconf 75' lang='lat' dir='ltr'>Langue-</span> 
     </span>
    </p>
   </div>
   <div class='ocr_carea' id='block_1_6' title="bbox 278 3024 1980 3128">
    <p class='ocr_par' dir='ltr' id='par_1_8' title="bbox 278 3024 1980 3128">
     <span class='ocr_line' id='line_1_47' title="bbox 278 3024 1980 3076; baseline 0.005 -21"><span class='ocrx_word' id='word_1_480' title='bbox 278 3025 340 3056; x_wconf 74' lang='lat' dir='ltr'>(Ioc</span> <span class='ocrx_word' id='word_1_481' title='bbox 366 3024 397 3066; x_wconf 82' lang='lat' dir='ltr'>(l.</span> <span class='ocrx_word' id='word_1_482' title='bbox 421 3038 472 3065; x_wconf 82' lang='lat' dir='ltr'>ix,</span> <span class='ocrx_word' id='word_1_483' title='bbox 495 3038 529 3070; x_wconf 83' lang='lat' dir='ltr'>p.</span> <span class='ocrx_word' id='word_1_484' title='bbox 549 3028 717 3069; x_wconf 79' lang='grc'>910-913,</span> <span class='ocrx_word' id='word_1_485' title='bbox 737 3030 912 3070; x_wconf 77' lang='grc'>9’16-918;</span> <span class='ocrx_word' id='word_1_486' title='bbox 935 3038 960 3064; x_wconf 84' lang='lat' dir='ltr'>t.</span> <span class='ocrx_word' id='word_1_487' title='bbox 985 3044 1021 3071; x_wconf 84' lang='lat' dir='ltr'>x,</span> <span class='ocrx_word' id='word_1_488' title='bbox 1044 3030 1213 3072; x_wconf 80' lang='lat' dir='ltr'>Preiwes,</span> <span class='ocrx_word' id='word_1_489' title='bbox 1237 3033 1304 3065; x_wconf 84' lang='lat' dir='ltr'>col.</span> <span class='ocrx_word' id='word_1_490' title='bbox 1330 3032 1549 3076; x_wconf 82' lang='lat'>1799-1808)</span> <span class='ocrx_word' id='word_1_491' title='bbox 1574 3038 1612 3064; x_wconf 87' lang='lat' dir='ltr'>et</span> <span class='ocrx_word' id='word_1_492' title='bbox 1635 3031 1675 3064; x_wconf 90' lang='lat' dir='ltr'>E.</span> <span class='ocrx_word' id='word_1_493' title='bbox 1699 3031 1851 3064; x_wconf 85' lang='lat' dir='ltr'>Lavisse</span> <span class='ocrx_word' id='word_1_494' title='bbox 1879 3029 1980 3073; x_wconf 65' lang='lat' dir='ltr'>(Hisss</span> 
     </span>
     <span class='ocr_line' id='line_1_48' title="bbox 279 3078 1059 3128; baseline 0.012 -19"><span class='ocrx_word' id='word_1_495' title='bbox 279 3078 367 3110; x_wconf 77' lang='lat' dir='ltr'>loire</span> <span class='ocrx_word' id='word_1_496' title='bbox 385 3079 425 3111; x_wconf 78' lang='lat' dir='ltr'>cle</span> <span class='ocrx_word' id='word_1_497' title='bbox 445 3080 596 3121; x_wconf 80' lang='lat' dir='ltr'>Francc,</span> <span class='ocrx_word' id='word_1_498' title='bbox 620 3087 645 3114; x_wconf 85' lang='lat' dir='ltr'>t.</span> <span class='ocrx_word' id='word_1_499' title='bbox 667 3082 734 3122; x_wconf 82' lang='lat' dir='ltr'>1v1‚</span> <span class='ocrx_word' id='word_1_500' title='bbox 756 3095 789 3126; x_wconf 89' lang='lat' dir='ltr'>p.</span> <span class='ocrx_word' id='word_1_501' title='bbox 814 3085 883 3117; x_wconf 80' lang='lat'>270</span> <span class='ocrx_word' id='word_1_502' title='bbox 903 3091 941 3117; x_wconf 85' lang='lat' dir='ltr'>et</span> <span class='ocrx_word' id='word_1_503' title='bbox 963 3085 1059 3128; x_wconf 77' lang='lat'>277).</span> 
     </span>
    </p>
   </div>
  </div>
 </body>
</html>
