2083 3458
95 247 247 302 [1317]
616 263 831 288 PAPARUM
868 264 1252 289 AVENIONENSIUM
1700 248 1782 288 833

82 354 250 384 orarunt
275 345 337 383 uti
362 346 673 385 matrimonium
698 348 1010 385 contraheretur
1034 348 1140 386 inter
1169 348 1367 387 Karolum
1392 348 1570 385 secundo
1596 347 1779 397 genitum

81 406 241 455 reginae
267 413 308 443 et
337 405 461 443 filiam
487 405 672 454 ejusdem
697 406 872 445 comitis.
903 407 1131 456 Respondit
1156 407 1294 456 regina
1319 407 1359 444 id
1390 406 1467 444 sibi
1500 422 1584 445 esse
1618 422 1777 457 pergra-

80 473 190 511 tum3
213 479 263 502 ex
282 464 426 501 Diario
449 464 627 514 episcopi
651 466 909 503 Carnotensis
945 466 998 516 ip.
1023 466 1097 504 387
1121 474 1161 504 et
1184 466 1292 515 415]

137 524 365 571 InRegesto
389 523 499 560 CXL
521 524 677 561 archivi
699 525 796 571 regii
821 525 1056 563 parisiensis
1078 534 1225 563 extant
1248 534 1339 563 acta
1365 525 1569 574 quaedam
1591 525 1776 563 consocia

80 597 187 620 anno
215 582 428 622 millesimo
457 583 798 627 CCCLXXXIX,
828 584 889 622 die
920 599 1050 621 xxvm
1077 584 1269 632 januarii,
1297 584 1337 621 in
1365 585 1511 633 quibus
1541 584 1777 623 nominatur

81 642 283 681 Amedeus
317 641 364 679 dc
398 642 566 679 Saluciis
599 652 765 680 sanctae
797 657 989 682 romanae
1025 643 1226 681 Ecclesiae
1260 644 1454 681 diaconus
1487 643 1702 681 cardinalis
1735 651 1776 681 et

79 701 390 739 archidiaconus
423 701 645 740 Remensis.

134 760 252 798 Anno
281 759 555 797 MCCCXCIV
582 761 770 798 interfuit
799 761 987 799 electioni
1014 761 1225 799 Benedicti
1257 762 1378 808 XIII,
1407 770 1453 799 ut
1482 762 1617 799 videre
1646 770 1708 799 est
1735 761 1775 798 in

86 819 212 857 Gestis
238 828 331 869 post
360 828 534 856 mortem
562 819 779 857 Clementis
809 821 885 857 VH
907 820 933 858 1.

133 879 251 916 Anno
274 877 523 916 MCCCXCV
543 879 752 917 consultus
774 893 795 916 a
818 879 988 917 ducibus
1012 880 1204 917 Franciae
1226 880 1336 929 apud
1358 879 1611 918 Avenionem
1637 894 1688 916 an
1709 880 1774 916 via

80 937 269 975 cessionis
314 938 489 976 duorum
532 938 872 978 contendentium
915 939 962 976 de
1006 947 1176 988 papatu,
1222 953 1324 988 quae
1367 939 1597 989 approbata
1641 938 1774 976 fuerat

82 997 243 1034 Parisiis
263 1012 399 1035 coram
418 1012 522 1046 rege,
540 997 751 1047 expediret
771 998 877 1034 bono
896 998 1074 1047 publico,
1094 998 1194 1035 cliaeit
1211 998 1362 1047 quodsi
1380 1012 1448 1050 per
1465 998 1571 1035 viam
1587 998 1775 1035 cessionis

80 1064 230 1106 poterat
247 1056 381 1094 haberi
399 1056 494 1093 unio
508 1064 541 1093 et
556 1057 677 1093 honor
692 1057 843 1094 domini
859 1071 961 1106 pape
976 1057 1137 1104 servari,
1153 1058 1253 1094 lianc
1267 1057 1532 1106 approbabat3
1548 1055 1774 1106 addiditque

79 1117 180 1164 quod
205 1124 294 1153 ante
320 1115 542 1153 electionem
569 1117 818 1153 consuluerat
846 1124 886 1153 ut
912 1116 1117 1165 eligeretur
1145 1116 1335 1162 intrusus,
1363 1124 1396 1154 et
1422 1116 1542 1165 liujus
1569 1116 1773 1165 opinionis

77 1176 235 1224 fuerant
255 1175 367 1212 multi
387 1175 622 1212 assistentes.
650 1176 711 1212 lta
733 1175 899 1224 quidem
918 1175 959 1212 in
978 1184 1092 1214 tomo
1112 1184 1228 1213 sexto
1250 1175 1459 1225 Spicilegii
1482 1175 1725 1213 Dacheriani
1746 1174 1772 1213 2.

81 1235 134 1271 At
151 1234 190 1271 in
210 1234 336 1272 veteri
353 1234 489 1272 codice
509 1248 581 1272 ms.
600 1234 755 1272 archivi
772 1234 869 1284 regii
887 1234 1122 1272 Parisiensis
1139 1233 1154 1255 3
1170 1234 1247 1272 ista
1266 1234 1407 1273 melius
1424 1234 1683 1284 explicantur
1699 1235 1773 1271 hoc

79 1294 201 1331 modo
235 1309 241 1330 :
274 1293 474 1330 Dominus
505 1293 723 1331 cardinalis
756 1294 1011 1331 Saluciarum
1043 1293 1143 1331 (licvit
1173 1294 1273 1343 quod
1303 1293 1338 1330 si
1364 1307 1432 1343 per
1460 1293 1566 1331 viam
1587 1293 1775 1331 cessionis

77 1353 285 1390 amborum
307 1367 386 1401 pat
408 1361 441 1390 et
465 1352 560 1389 unio
585 1353 627 1390 in
651 1353 827 1390 Ecclesia
849 1353 974 1402 possit
996 1352 1144 1400 haberi,
1168 1367 1255 1390 eam
1276 1352 1471 1402 approbat
1500 1361 1534 1390 et
1555 1354 1607 1390 ad
1627 1367 1714 1390 eam
1735 1366 1773 1389 se

78 1420 176 1449 tenet
200 1426 271 1461 pro
296 1412 438 1449 honore
463 1412 615 1449 domini
643 1412 764 1449 nostri
792 1426 894 1461 pape
919 1413 1194 1450 conservando.
1219 1412 1334 1450 Dia-it
1357 1412 1534 1459 ulterius,
1561 1412 1662 1462 quod
1686 1420 1774 1449 ante

77 1471 301 1509 electionem
318 1471 470 1508 domini
490 1471 612 1508 nostri
631 1485 733 1521 pape
753 1471 837 1521 ipse
851 1471 932 1520 fuit
948 1471 1155 1521 opinionis
1172 1472 1273 1523 quot}
1289 1472 1341 1509 ad
1363 1471 1583 1508 electionem
1601 1471 1775 1519 alicujus

78 1544 157 1568 non
181 1531 460 1580 procederetur,
487 1531 625 1568 (leimle
650 1531 752 1580 quocl
774 1530 978 1579 eligeretur
1005 1530 1196 1568 intrusus.
1220 1531 1278 1567 De
1303 1545 1380 1580 qua
1404 1530 1592 1579 opinione
1614 1530 1775 1579 fuerunt

76 1590 210 1640 plures
235 1589 386 1628 domini
412 1590 648 1636 cardinales,
674 1589 776 1626 sicut
803 1589 961 1638 ipsimet
987 1589 1043 1627 ibi
1069 1590 1237 1638 confessi
1261 1590 1434 1638 fuerunt.

132 1649 250 1687 Anno
282 1649 603 1687 MCCCXCVIII
635 1649 841 1699 profectus
872 1657 933 1687 est
965 1649 1189 1695 Lutetiam,
1219 1648 1281 1686 uti
1310 1649 1494 1699 pluribus
1526 1647 1684 1686 dictum
1713 1656 1773 1686 est

76 1723 116 1758 p.
145 1708 257 1746 1151.

132 1767 365 1818 Onuphrius
398 1767 619 1805 Panvinius
650 1775 690 1805 et
719 1775 812 1817 post
840 1782 934 1805 eum
963 1767 1031 1804 alii
1059 1767 1244 1805 scribunt
1273 1766 1385 1804 illum
1406 1766 1422 1789 4
1451 1775 1661 1805 mortuum
1690 1780 1773 1803 esse

80 1827 308 1865 Florentiae
338 1841 445 1864 anno
476 1827 688 1866 millesimo
718 1826 967 1873 CCCCXIX,
996 1841 1036 1863 iv
1068 1826 1144 1864 kal.
1173 1826 1263 1876 julii
1298 1826 1363 1875 [28
1389 1825 1512 1875 juin],
1541 1825 1774 1874 ibidemque

77 1886 297 1936 sepultum.
327 1886 444 1934 Quod
470 1894 516 1923 ut
543 1886 590 1923 de
617 1900 724 1923 anno
752 1900 892 1923 verum
919 1894 995 1932 est,
1021 1885 1078 1923 ita
1108 1885 1254 1923 falsum
1279 1893 1341 1923 est
1367 1885 1414 1922 de
1438 1885 1524 1923 loco
1566 1884 1707 1922 mortis
1735 1892 1772 1921 el

75 1945 326 1995 sepulturae.
364 1945 522 1996 Quippe
557 1960 607 1983 ex
629 1945 836 1983 veteribus
860 1945 971 1982 Actis
993 1944 1112 1982 editis
1136 1958 1158 1981 a
1182 1944 1365 1982 Severtio
1390 1944 1430 1981 in
1456 1943 1775 1993 Arcliiepiscopis

78 2003 430 2052 Lugdunensibus,
457 2020 496 2055 p.
524 2004 613 2051 343,
640 2004 770 2053 liquet
796 2003 910 2043 illum
936 2012 1146 2043 mortuum
1172 2018 1255 2041 esse
1283 2004 1323 2040 in
1348 2003 1443 2040 villa
1473 2003 1608 2041 Sancti
1628 2002 1776 2039 Donati

81 2063 319 2101 Viennensis
346 2062 555 2110 dioecesis,
581 2072 622 2101 et
648 2064 857 2113 sepultum
882 2063 921 2100 in
950 2062 1176 2101 cathedrali
1201 2062 1367 2101 eeclesia
1397 2061 1670 2112 Lugdunensi.

136 2123 192 2160 De
208 2138 254 2161 eo
270 2124 369 2161 haec
385 2123 577 2172 leguntur
600 2123 712 2173 apud
736 2123 964 2171 Aymarum
985 2122 1228 2160 Falconeum
1256 2121 1296 2158 in
1313 2121 1555 2170 Cwnpenslio
1576 2120 1777 2158 Historiae

79 2182 347 2228 Antonianae,
370 2182 438 2220 sol.
461 2181 510 2219 85
535 2197 541 2219 :
567 2181 660 2219 Non
682 2182 801 2219 multo
822 2189 909 2231 post
929 2180 1277 2218 reverendissimus
1297 2180 1516 2218 cardinalis
1536 2181 1580 2217 de
1609 2178 1775 2217 Salutiis

79 2249 334 2291 nuncupatus
368 2240 544 2279 maxima
577 2241 774 2278 devotione
807 2240 908 2278 lianc
941 2240 1171 2289 religionem
1204 2239 1346 2288 legitur
1377 2239 1502 2288 fuisse
1537 2246 1774 2288 prosecutus

80 2300 187 2338 Nam
203 2301 255 2338 asl
270 2300 550 2337 extructionem
567 2299 759 2349 refectorii
777 2299 898 2348 liujus
916 2298 1144 2337 monasterii
1163 2298 1356 2336 maximos
1372 2306 1555 2347 sumptus
1574 2311 1776 2346 magnam-

78 2373 150 2409 que
190 2359 453 2409 pecuniarum
494 2359 750 2408 quantitatem
790 2358 1122 2396 subministravit,
1161 2357 1336 2395 Donavit
1375 2365 1579 2407 propterea
1620 2356 1777 2394 calicem

79 2433 206 2456 unum
236 2427 464 2467 argenteum
497 2419 731 2456 deauratum
763 2417 899 2466 magni
933 2416 1116 2467 ponderis
1142 2425 1176 2454 et
1201 2416 1331 2466 pretii.
1368 2415 1566 2453 Nonnulli
1599 2423 1778 2453 asserunt

78 2477 321 2516 cardinalem
339 2477 474 2527 ipsum
491 2491 604 2526 aegre
622 2478 836 2514 admodum
854 2476 990 2514 tulisse
1010 2476 1112 2525 quod
1130 2475 1300 2513 Pontius
1319 2475 1442 2512 abbas
1461 2474 1686 2525 praedictus
1704 2487 1778 2511 sua

80 2536 212 2587 ipsius
237 2536 394 2574 abbatis
423 2535 604 2585 insignia
629 2535 837 2573 structuris
865 2535 957 2572 dicti
986 2534 1178 2584 refectorii
1203 2534 1357 2583 fecisset
1382 2533 1550 2583 apponi,
1577 2547 1666 2570 cum
1695 2532 1778 2582 ipse

79 2595 298 2633 cardinalis
326 2594 493 2644 majores
521 2609 591 2644 pro
619 2594 681 2632 his
707 2594 999 2644 suppeditasset
1028 2593 1242 2643 impensa&

131 2762 163 2794 1.
194 2761 345 2800 Baluze,
365 2765 391 2793 t.
409 2773 432 2800 1,
452 2772 487 2803 p.
507 2760 588 2793 540.

132 2815 162 2847 2.
194 2814 401 2857 Bellaguet,
425 2819 451 2846 t.
473 2826 510 2852 11,
532 2825 567 2856 p.
592 2814 672 2846 276.

131 2868 162 2900 3.
194 2867 376 2900 Archives
404 2866 637 2905 Nationales,
664 2866 699 2898 J.
726 2865 807 2905 518,
835 2865 897 2898 fol.
924 2865 993 2897 102
1019 2869 1052 2897 1
1076 2871 1114 2897 et
1139 2864 1309 2897 Martene
1331 2864 1595 2907 (Amplissima
1608 2864 1777 2902 collectio,

84 2926 109 2953 t.
131 2932 193 2960 vn,
214 2920 282 2953 col.
303 2920 400 2963 472).

131 2966 171 3006 4.
194 2973 266 3006 Sur
280 2973 374 3006 Arne
391 2973 435 3004 de
451 2971 615 3011 Saluees,
633 2971 715 3004 voit
732 2971 775 3004 N.
793 2971 920 3003 Valois
937 2971 975 3013 (t.
992 2983 1028 3010 11,
1047 2982 1081 3013 p.
1095 2971 1177 3009 335,
1195 2971 1282 3009 456
1300 2976 1326 3002 t.
1342 2981 1393 3009 1v
1409 2982 1443 3013 p.
1463 2970 1543 3009 601,
1561 2975 1599 3002 et
1614 2969 1664 3001 Le
1678 2969 1782 3012 Pape

82 3031 113 3058 et
129 3027 160 3068 le
175 3026 321 3065 concile,
342 3025 457 3064 Paris,
477 3025 583 3064 1909,
603 3030 629 3057 t.
647 3037 670 3063 1,
691 3036 724 3067 p.
744 3024 793 3067 3),
814 3024 853 3057 L.
874 3024 1062 3056 Duhamel
1084 3023 1165 3066 (Les
1181 3034 1318 3055 oeuvres
1336 3023 1428 3056 dart
1445 3023 1494 3055 du
1511 3023 1711 3055 monastere
1723 3023 1783 3055 des

83 3078 261 3112 Ce'lestins
285 3078 509 3121 dAvignon,
536 3077 646 3116 Caen,
673 3078 779 3116 1888,
806 3088 840 3120 p.
867 3077 1012 3119 13-22)
1040 3076 1085 3109 K.
1115 3076 1298 3119 Hanquet
1325 3076 1557 3119 (Documents
1579 3075 1720 3118 relatifs
1735 3086 1782 3107 au

88 3131 215 3165 Grand
233 3132 406 3171 Schisme,
428 3137 454 3164 t.
473 3143 496 3170 1,
518 3143 552 3163 n.
575 3131 591 3162 1
614 3137 651 3163 et
672 3130 743 3173 25).

775 3214 924 3235 BALUZE
950 3205 996 3239 ,
1083 3204 1126 3236 27
