2083 3458
306 197 388 238 900
955 210 1106 235 NOTAE
1141 209 1202 234 AD
1236 209 1364 234 vers
1860 193 2011 250 [1388]

304 310 411 333 nona
441 293 700 345 septembris,
720 294 821 331 hora
848 292 981 343 prima
1004 292 1070 330 vel
1099 291 1218 339 circa,
1238 300 1287 329 ut
1314 291 1566 329 adnotatum
1594 291 1761 342 reliquit
1793 293 2011 331 contuber-

306 354 407 392 nalis
440 354 526 403 ejus
561 354 705 391 Petrus
739 351 980 403 Charpini1‚
1012 350 1248 389 licentiatus
1281 350 1323 388 in
1356 350 1528 389 decretis
1552 359 1593 389 et
1624 350 1839 390 literarum
1869 351 2010 402 paeni-

304 413 521 452 tentiariae
552 411 708 451 domini
736 426 869 462 papae
899 411 1087 461 scriptor,
1118 425 1241 461 quem
1270 410 1355 461 ipse
1378 410 1613 449 nominavit
1635 410 1743 449 inter
1771 419 2010 450 executores

304 473 365 511 sui
383 472 639 511 testamenti.
665 472 711 509 In
730 470 856 509 initiis
877 470 1111 509 studiorum
1130 485 1330 517 meorum,
1351 484 1445 508 cum
1464 470 1506 508 in
1524 471 1597 508 has
1619 484 1719 520 quas
1740 485 1849 509 nunc
1873 479 2010 510 tracto

306 532 578 582 antiquitates
615 531 877 581 inquirerem,
914 546 944 568 r.
981 545 1020 580 p.
1058 529 1234 568 vicarius
1271 529 1641 568 Carthusianorum
1678 530 1861 578 Tolosae,
1893 530 2009 580 cujus

307 606 456 630 nomen
483 591 583 629 mihi
608 590 774 638 excidit,
801 590 871 628 sed
899 589 969 640 qui
994 588 1057 627 vir
1082 598 1171 628 erat
1198 589 1379 639 optimus
1406 597 1448 628 et
1473 589 1673 637 eruditus,
1702 589 1884 628 ostendit
1910 588 2011 628 mihi

305 660 486 690 veterem
523 650 705 689 codicem
740 649 782 687 in
818 663 898 699 quo
944 648 1266 688 continebantur
1310 649 1411 687 Acta
1446 649 1723 699 capitulorum
1759 649 2010 700 generalium

304 711 408 749 illius
438 710 603 758 ordinis,
631 710 672 747 in
699 724 779 760 quo
807 709 1008 759 scriptum
1035 717 1123 747 erat
1150 708 1380 759 capitulum
1408 708 1593 758 generale
1620 708 1874 747 celebratum
1901 723 2010 747 anno

306 770 556 809 MCCCCXV
584 769 642 808 ita
672 768 866 807 statuisse
890 785 896 807 :
926 769 1005 806 Pro
1026 768 1348 806 reverendissimo
1378 768 1421 806 in
1449 768 1605 806 Christo
1641 777 1751 819 patre
1778 783 1824 806 ac
1852 768 2011 806 domino

304 830 504 868 cardinale
541 829 753 867 Anicienst¹
790 828 924 866 dicant
958 842 1091 866 omnes
1127 828 1360 866 celebrantes
1397 843 1521 866 anam
1567 828 1732 866 missam
1767 829 1811 866 de
1850 828 2010 878 Spiritu

305 890 463 936 Sancto,-
504 903 583 926 non
623 889 857 926 celebrantes
897 896 1043 938 septem
1081 888 1256 937 psalmos
1293 887 1569 938 penitentiales
1597 902 1687 925 cam
1715 887 1876 935 letania,
1915 887 2009 926 laici

303 963 388 986 vero
429 949 595 998 triginta
650 948 802 985 vicibus
844 948 983 985 Paster
1035 956 1162 985 noster
1202 955 1236 984 et
1275 947 1433 985 totidem
1473 948 1555 985 Ave
1596 947 1749 985 Maria.
1808 947 1923 986 Idem
1966 946 2009 985 in

304 1008 484 1058 capitulo
504 1007 681 1058 generali
699 1022 807 1045 anno
828 1007 1103 1055 MCCCCXVI
1123 1006 1390 1045 sanciverunt
1408 1006 1471 1044 uti
1483 1022 1556 1058 pro
1576 1006 1781 1045 cardinale
1801 1005 2008 1045 Aniciensi

303 1068 499 1106 defuncto
538 1068 652 1105 fieret
686 1080 817 1104 unum
850 1066 1118 1105 tricenarium
1152 1082 1225 1117 per
1258 1074 1398 1104 totum
1434 1066 1631 1105 ordinem.
1671 1067 1735 1104 Ex
1769 1080 1850 1116 quo
1889 1074 2008 1117 patet

302 1141 446 1166 verum
466 1142 548 1165 non
566 1142 650 1165 esse
670 1126 710 1164 id
731 1126 842 1176 quod
861 1126 920 1164 ait
938 1126 1193 1165 Contelorius
1219 1126 1274 1177 [p.
1296 1126 1405 1176 188],
1425 1126 1540 1165 illum
1567 1125 1718 1164 vixisse
1743 1126 1878 1164 adhuc
1898 1140 2006 1164 anno

303 1186 517 1225 millesimo
540 1186 808 1233 CCCCXVII,
831 1186 894 1224 die
917 1201 989 1224 xv1
1011 1185 1163 1236 aprilis.
1188 1186 1242 1224 Et
1258 1185 1354 1236 quia
1369 1185 1454 1236 ipse
1469 1186 1648 1236 jusserat
1663 1185 1705 1224 in
1719 1186 1864 1224 eodem
1879 1193 2005 1224 testa-

302 1255 442 1285 mento
469 1254 509 1284 et
535 1246 577 1284 in
603 1245 797 1285 codicillis
825 1260 971 1296 corpus
999 1260 1119 1284 suum
1145 1245 1359 1284 transferri
1385 1245 1438 1283 ad
1475 1245 1687 1284 ecclesiam
1714 1244 1855 1284 Sancti
1889 1245 2005 1295 Sym-

300 1305 503 1356 phoriani,
535 1305 614 1344 illic
644 1305 905 1343 humandum
935 1305 977 1343 in
1007 1305 1222 1356 sepulchro
1255 1305 1365 1355 quod
1396 1305 1481 1355 ipse
1513 1305 1590 1343 sibi
1620 1304 1764 1343 vivens
1795 1313 2005 1356 posuerat,

300 1365 409 1404 idem
443 1366 588 1403 Petrus
621 1364 817 1416 Charpini
847 1364 980 1415 primo
1015 1364 1077 1404 die
1110 1365 1287 1416 septima
1320 1364 1469 1403 mensis
1505 1364 1682 1403 octobris
1717 1364 1813 1403 fecit
1845 1363 2006 1403 visitari

299 1424 409 1463 idem
428 1440 588 1475 corpus,
609 1424 641 1463 si
659 1432 766 1463 esset
786 1424 1053 1472 diminutum,
1072 1433 1113 1463 et
1136 1424 1216 1463 fuit
1241 1423 1475 1472 visitatum,
1494 1433 1542 1462 ut
1568 1424 1657 1475 ipsa
1675 1424 1763 1474 ejus
1788 1424 1915 1462 verba
1934 1438 2004 1474 po-

300 1499 460 1531 namus,
476 1499 547 1534 per
564 1484 828 1523 Jacominum
845 1484 893 1522 de
911 1484 1026 1532 Suos,
1041 1484 1356 1535 apothecarium
1370 1484 1714 1532 Avenionensem,
1731 1492 1772 1522 et
1786 1483 2005 1522 inventum

300 1552 360 1582 est
382 1544 607 1594 integrum,
631 1543 777 1582 deinde
797 1543 899 1582 illud
921 1558 1042 1582 curru
1076 1543 1371 1594 quadrigarum
1401 1543 1496 1582 vehi
1526 1543 1689 1582 curavit
1717 1558 1847 1593 usque
1877 1557 2004 1594 prope

299 1603 435 1641 locum
461 1604 509 1642 de
536 1603 804 1642 Columberiis
830 1603 872 1641 in
898 1602 1073 1642 dioecesi
1092 1603 1328 1651 Viennensi,
1347 1603 1441 1642 inde
1464 1603 1742 1653 Grigniacum,
1765 1611 1806 1641 et
1830 1602 1925 1642 hinc
1951 1602 2003 1640 ad

298 1663 435 1701 locum
470 1663 611 1701 Sancti
646 1662 939 1713 Symphoriani
973 1663 1124 1709 Castri3
1159 1662 1231 1701 ubi
1264 1663 1463 1702 remansit
1497 1663 1752 1714 insepultum
1785 1676 1916 1712 usque
1950 1661 2003 1700 ad

300 1722 408 1760 diem
426 1723 546 1760 lunae
567 1737 641 1760 x1x
659 1722 839 1772 januarii
856 1722 954 1761 anni
974 1723 1264 1770 MCCCCXVI,
1286 1737 1365 1773 qua
1384 1722 1613 1774 repositum
1632 1722 1712 1761 fuit
1729 1722 1772 1760 in
1790 1722 2002 1773 sepultura

299 1796 385 1829 sua,
413 1791 460 1820 ut
487 1781 629 1820 scribit
656 1782 765 1819 idem
793 1791 1000 1821 executor.

354 1841 563 1879 Fundavit
596 1841 660 1879 ille
694 1841 737 1879 in
769 1841 938 1880 ecclesia
972 1841 1113 1881 Sancti
1148 1841 1439 1892 Symphoriani
1471 1856 1599 1880 unam
1633 1841 1801 1880 missam
1834 1839 2002 1891 singulis

300 1900 441 1939 diebus
479 1901 767 1939 celebrandam
803 1901 1012 1952 perpetuis
1049 1901 1305 1952 temporibus
1342 1901 1395 1939 ad
1431 1902 1630 1940 honorem
1665 1901 1812 1939 beatae
1850 1899 2002 1938 Mariae

299 1959 465 2010 virginis
499 1960 540 1998 in
571 1960 718 1999 sacello
750 1960 837 2010 ejus
870 1961 1024 1999 ibidem
1056 1969 1308 2000 constructo.
1345 1960 1411 1999 Eis
1444 1975 1540 1999 vero
1574 1960 1644 2010 qui
1674 1960 1870 2000 sacellum
1901 1959 2002 1998 illud

299 2019 447 2058 devote
480 2019 743 2058 visitaverint
775 2020 816 2058 in
849 2019 968 2058 certis
1002 2020 1100 2058 anni
1132 2020 1433 2059 festivitatibus
1465 2019 1713 2059 Benedictus
1747 2033 1855 2070 papa
1893 2019 2001 2057 XIII

299 2087 379 2117 tres
406 2093 534 2117 annos
562 2088 603 2117 et
628 2088 710 2118 tres
739 2079 1129 2129 quadragenas,illis
1157 2094 1254 2119 vero
1282 2079 1351 2130 qui
1370 2079 1537 2130 singulis
1557 2079 1644 2118 aliis
1672 2079 2001 2129 quibuscumque

300 2137 441 2176 diebus
461 2138 503 2176 in
515 2138 659 2177 eadem
672 2138 794 2177 missa
807 2139 1071 2178 interfuerint
1090 2148 1257 2178 centum
1270 2139 1354 2178 dies
1368 2139 1417 2178 de
1435 2138 1633 2189 injunctis
1646 2137 2000 2189 sibipaenitentiis

299 2197 614 2236 misericorditer
637 2198 853 2237 relaxavit.
880 2199 1024 2237 Petrus
1049 2214 1170 2249 porro
1194 2198 1412 2237 cardinalis
1436 2199 1581 2238 eodem
1598 2206 1784 2249 tempore
1808 2197 2000 2236 ecclesiae

300 2256 439 2295 Sancti
469 2257 759 2307 Symphoriani
789 2258 902 2297 dedit
932 2273 1093 2297 crucem
1121 2267 1361 2309 argenteam
1389 2258 1431 2296 in
1460 2272 1540 2309 qua
1569 2257 1725 2296 inclusa
1754 2266 1842 2296 erat
1870 2270 1999 2308 parva

299 2330 397 2353 crux
427 2330 564 2364 aurea,
584 2317 796 2355 continens
829 2318 1109 2367 fragmentum
1140 2318 1268 2356 crucis
1299 2318 1341 2356 in
1373 2332 1453 2368 qua
1476 2317 1674 2356 Dominus
1697 2317 1846 2355 Noster
1883 2317 1999 2355 Jesus

299 2375 481 2414 Christus
510 2376 708 2426 pependit
735 2376 812 2415 sibi
840 2377 986 2415 datum
1014 2391 1036 2415 a
1065 2392 1173 2428 papa
1202 2378 1424 2416 Clemente.
1456 2378 1616 2415 Extant
1644 2378 1791 2415 harum
1815 2375 2000 2414 omnium

298 2449 432 2472 rerum
469 2443 594 2473 testes
633 2435 775 2474 literae
813 2436 1052 2475 eorumdem
1088 2436 1303 2475 Benedicti
1339 2451 1472 2487 papae
1511 2445 1552 2475 et
1585 2435 1696 2475 Petri
1733 2435 1950 2475 cardinalis
1970 2434 1997 2473 2.

354 2494 395 2531 P.
418 2494 507 2541 506,
528 2495 592 2544 lig.
615 2494 677 2533 27.
700 2496 818 2533 Ossnr
840 2496 1073 2534 JOHANNES
1095 2511 1180 2534 REX
1201 2497 1420 2535 CASTELLE
1450 2495 1520 2546 qui
1552 2496 1615 2545 (ut
1643 2495 1754 2546 apud
1777 2494 1999 2537 Odoricum

302 2552 578 2601 Raynaldum,
603 2568 668 2592 an.
694 2554 809 2602 1398,
839 2555 856 2604 ἓ
876 2555 939 2603 30,
962 2555 1021 2593 ait
1040 2555 1276 2594 Bonifacius
1300 2556 1376 2605 IX)
1400 2555 1520 2606 periit
1543 2555 1586 2593 in
1608 2563 1822 2601 aeternam,
1850 2554 1998 2604 impae-

298 2611 437 2658 nitens,
471 2612 605 2650 (livino
637 2628 846 2663 percussas
874 2614 1039 2663 judicio.
1076 2615 1193 2653 Hanc
1226 2615 1434 2653 funestam
1465 2614 1552 2664 ejus
1591 2622 1766 2652 mortem
1801 2613 1999 2652 Odoricus

301 2670 553 2719 Raynaldus,
574 2686 638 2711 an.
661 2672 774 2720 1390,
801 2674 817 2722 ἓ
838 2673 900 2721 20,
919 2688 941 2712 a
961 2674 1145 2724 pluribus
1166 2674 1330 2713 divinae
1345 2674 1534 2724 >justitiae
1549 2673 1803 2723 adscriptam
1822 2687 1906 2711 esse
1925 2671 1998 2719 ait,

296 2743 384 2766 cam
405 2730 575 2767 maximo
595 2732 731 2769 scelere
753 2733 795 2769 in
814 2732 988 2781 ferenda,
1011 2748 1084 2783 qao
1111 2733 1237 2771 Gallis
1258 2749 1302 2772 ac
1322 2732 1655 2784 pseudopontifici
1677 2746 1821 2770 morem
1844 2739 1999 2781 gereret,

297 2789 480 2825 adversas·
513 2790 721 2828 Urbanum
745 2792 938 2830 sententia
963 2793 1216 2842 augendoque
1230 2793 1438 2831 schismate
1462 2807 1501 2830 se
1516 2791 1800 2830 obstrinxisset.
1823 2791 1901 2828 Ain
1926 2790 1998 2828 tu?

346 2927 376 2958 1.
400 2928 792 2970 Albanes-Chevalier,
816 2937 841 2965 t.
866 2944 927 2972 vn,
945 2944 979 2965 n.
1003 2933 1108 2966 1696.
1125 2932 1258 2966 ——Sur
1280 2932 1402 2965 Pierre
1424 2931 1667 2973 Gerard,voir
1689 2931 1732 2964 N.
1750 2930 1877 2963 Valois
1898 2930 1938 2974 (t.
1958 2942 1997 2966 112

300 2980 493 3076 [gig-{383
520 2987 545 3014 t.
572 2994 622 3021 xv,
651 2994 685 3025 p.
714 2984 796 3027 573)
826 2991 864 3017 et
889 2985 1275 3019 Albanes-Chevalier
1305 2986 1373 3030 (op.
1402 2986 1474 3026 cit„
1502 2985 1704 3024 Marseille‚
1727 2984 1795 3017 col.
1824 2984 1996 3023 808-816,

349 3085 378 3117 2.
397 3062 556 3126 calum,
586 3094 611 3120 t.
639 3100 690 3128 ιν,
719 3101 753 3133 p.
782 3090 954 3124 410-413.
