2083 3458
98 169 222 224 [649]
620 186 836 211 PAPARUM
873 186 1257 211 AVENJONENsmM
1710 170 1789 210 133

139 268 258 306 Anno
295 267 553 314 MCCCVIII,
590 277 765 306 vacante
801 269 970 318 imperio
1007 284 1189 315 romano,
1228 284 1319 307 cum
1358 269 1569 320 Philippus
1616 269 1683 316 IV,
1720 283 1792 307 rex

88 325 296 374 Francia'e,
314 326 880 376 dignitate-mimperatoriam
894 328 934 365 in
956 328 1153 365 familiam
1167 343 1306 378 regum
1329 329 1579 366 Francorum
1600 342 1791 367 revocare

88 394 254 436 cuperet
276 400 447 435 eamque
470 385 641 423 conferri
662 386 703 424 in
728 386 925 424 Karolum
948 387 1168 434 Valesium,
1192 388 1359 426 fratrem
1383 402 1514 434 suum,
1538 402 1656 437 opem
1678 387 1792 424 auxi-

86 444 268 494 liumque
303 459 495 482 romanae
532 445 665 482 curiae
706 445 781 482 sibi
818 440 975 484 censuit
1005 461 1089 484 esse
1124 446 1445 496 implorandam3
1473 447 1591 487 Joan.
1629 446 1791 491 Villan.,

86 503 155 542 lib.
187 504 304 551 VIII,
335 518 422 554 cap.
455 518 490 541 c1
544 503 773 553 muratori,
804 512 832 542 t.
865 520 949 550 xm,
981 505 1052 543 col.
1085 505 1198 555 436]
1233 506 1442 544 Habemus
1472 513 1612 543 autem
1641 505 1792 552 literas,

89 576 189 612 quas
214 577 350 601 mense
372 562 474 612 julio
506 563 628 612 hujus
654 563 749 600 anni
782 572 998 613 propterea
1026 564 1311 613 Raymundus,
1338 564 1553 602 cardinalis
1579 565 1616 603 S.
1643 564 1794 601 Mariae

89 621 244 669 Novae,
276 621 436 671 scripsit
465 622 516 659 ad
549 621 771 659 Henricum
802 622 1151 673 archiepiscopum
1183 623 1462 661 Coloniensem
1482 623 1507 662 ¹.

143 681 340 730 Ejusdem
371 680 519 719 mensis
560 680 623 718 die
654 681 849 729 vigesima
882 682 1043 731 scripsit
1073 682 1124 719 ad
1157 683 1263 720 cives
1294 682 1569 723 Bononienses
1600 683 1642 722 in
1674 697 1793 720 causa

90 739 270 778 civitatis
306 740 585 786 Ferrariensis,
621 754 724 789 quae
760 740 964 778 defecerat
996 741 1048 778 ab
1084 741 1317 780 obedientia
1350 741 1553 779 Ecclesiae
1581 756 1793 786 romanae;

91 798 367 846 Ghirardacci,
387 814 425 849 p.
447 799 535 846 521,
556 799 669 837 Celso
691 799 853 845 Faleon,
873 799 941 838 lib.
967 800 1042 846 ΙΙΙ,
1063 815 1100 849 p.
1122 800 1209 838 320.

143 858 263 899 Anno
288 858 481 906 MCCCX,
508 858 570 896 die
597 858 760 896 sabbati
787 873 875 895 xxv
909 858 1060 908 aprilis,
1087 867 1175 896 erat
1200 874 1291 897 cum
1327 860 1575 909 quibusdam
1600 859 1687 897 aliis
1714 873 1796 897 car-

91 915 294 955 dinalibus
316 918 358 958 in
379 918 534 967 palatio
557 918 782 967 apostolico
805 918 1080 956 Avenionensi
1104 919 1268 967 quando
1298 919 1480 957 Clemens
1504 919 1537 955 V
1560 918 1797 969 prorogavit

90 975 143 1012 ad
167 976 400 1025 quindecim
424 976 507 1014 dies
530 977 741 1025 negotium
765 977 1075 1014 accusationum
1099 977 1403 1027 propositarum
1427 978 1622 1015 adversus
1647 992 1798 1015 memo-

90 1034 192 1072 riam
220 1035 421 1074 Bonifacii
450 1036 568 1083 VIII,
598 1044 644 1072 ut
673 1044 790 1086 patet
820 1050 868 1073 ex
899 1037 1154 1076 collectaneis
1181 1037 1240 1073 De
1268 1036 1435 1074 dissidio
1464 1037 1648 1086 ejusdem
1677 1036 1798 1073 Boni-

89 1092 200 1142 sacii,
226 1109 264 1144 p.
293 1094 380 1141 406,
413 1094 500 1133 407.

146 1149 268 1191 Errat
287 1154 472 1204 profecto
494 1154 680 1204 Papirius
703 1155 915 1193 Massonus
936 1155 977 1192 in
1004 1155 1095 1192 Vita
1115 1154 1327 1192 Clementis
1353 1155 1398 1201 V,
1420 1155 1487 1193 fol.
1511 1154 1600 1201 276,
1622 1154 1799 1194 scribens

91 1211 199 1250 hunc
226 1213 522 1262 Raymundum
546 1214 587 1251 in
616 1214 779 1252 Italiam
803 1227 825 1251 a
852 1214 1058 1252 Clemente
1084 1214 1252 1251 missum
1278 1228 1361 1252 esse
1387 1214 1583 1251 adversus
1608 1213 1800 1260 Venetos,

93 1271 161 1320 qui
189 1272 415 1310 Ferrariam
441 1281 757 1323 occupaverant.
788 1273 946 1323 Quippe
972 1274 1070 1311 haec
1100 1273 1248 1322 legatio
1275 1272 1490 1310 commissa
1517 1272 1596 1309 fuit
1621 1272 1801 1310 Arnaldo

93 1330 141 1368 de
160 1331 372 1381 Pelagrua,
390 1346 473 1371 non
489 1347 585 1370 vero
604 1332 854 1381 Raymundo
873 1332 935 1370 del
953 1332 1046 1370 Got.

147 1390 269 1429 Errat
290 1391 414 1429 etiam
437 1390 650 1430 Ciaconius
672 1391 713 1429 in
741 1391 832 1429 Vita
853 1391 1037 1440 ejusdem
1060 1390 1312 1441 Raymundi,
1326 1390 1368 1429 in
1390 1404 1470 1440 qua
1491 1390 1550 1428 ait
1570 1390 1685 1427 illum
1710 1404 1802 1427 cum

95 1448 277 1497 Nicolao,
321 1450 512 1501 episcopo
555 1450 747 1498 Ostiensi,
791 1458 833 1489 et
874 1450 1131 1500 Berengario,
1177 1449 1381 1488 cardinale
1425 1449 1536 1487 tituli
1581 1449 1802 1495 Fasciolae,

93 1507 262 1546 missum
293 1524 377 1548 esse
406 1510 589 1559 legatum
618 1509 660 1547 in
694 1509 870 1556 Italiam,
899 1518 938 1547 ut
967 1524 1104 1559 supra,
1135 1509 1271 1558 inquit
1294 1509 1336 1546 in
1365 1508 1539 1558 ejusdem
1569 1507 1804 1556 Berengarii

97 1566 199 1605 brevi
223 1568 449 1606 narratione
471 1569 625 1619 aperui.
652 1569 871 1607 Memoriae
895 1577 1036 1606 autem
1058 1570 1175 1618 lapsu
1199 1567 1490 1617 Berengarium
1522 1567 1643 1605 isthic
1666 1566 1805 1617 posuit

93 1641 167 1676 pro
192 1627 360 1666 Nicolao
384 1628 574 1678 episcopo
599 1628 791 1674 Ostiensi,
815 1628 857 1666 in
881 1628 996 1677 cujus
1020 1627 1107 1665 vita
1131 1628 1292 1665 locutus
1316 1634 1378 1665 est
1411 1627 1458 1664 de
1491 1626 1694 1675 legatione
1718 1625 1804 1675 ejus

98 1685 252 1725 Italica.
285 1687 451 1725 Certum
481 1695 542 1725 est
570 1695 711 1725 autem
741 1687 775 1725 ei
805 1686 959 1725 socium
989 1687 1030 1724 in
1059 1687 1134 1724 hac
1163 1686 1366 1736 legatione
1397 1686 1542 1723 datum
1572 1699 1654 1723 non
1683 1684 1805 1722 fuisse

93 1744 398 1795 Berengarium,
428 1760 559 1796 neque
592 1746 901 1795 Raymundum,
932 1746 1001 1783 scd
1041 1745 1269 1783 Arnaldum
1299 1745 1347 1782 de
1388 1743 1622 1793 Falgueriis,
1653 1743 1805 1793 episco-

94 1819 194 1855 pum
215 1805 494 1852 Sabinensem,
517 1813 558 1843 et
579 1806 732 1843 Lucam
754 1806 801 1843 de
824 1805 967 1843 Fliseo.

151 1864 271 1902 Hunc
295 1864 474 1905 Ciaconii
497 1865 659 1915 lapsum
682 1864 870 1902 imitatus
894 1872 956 1902 est
981 1863 1189 1904 Frizonius
1225 1863 1278 1913 [p.
1305 1862 1419 1912 264],
1444 1862 1513 1911 qui
1529 1862 1578 1899 de
1597 1876 1668 1899 suo
1692 1875 1806 1911 prae-

95 1930 206 1961 terea
239 1923 357 1961 addit
392 1924 687 1973 Raymundum
722 1924 892 1961 missum
926 1938 1088 1972 quoque
1122 1937 1205 1960 esse
1249 1922 1300 1959 ad
1335 1921 1551 1959 solvendos
1584 1920 1806 1961 interdicto

98 1982 353 2024 Florentinos
382 1983 467 2021 lato
496 1997 518 2021 a
549 1983 753 2021 cardinale
785 1983 1058 2032 Neapoleone,
1089 1981 1198 2031 quod
1229 1981 1377 2018 falsum
1407 1988 1479 2017 est.
1513 1979 1678 2017 Etenim
1706 1979 1805 2016 illud

95 2041 276 2091 pertinet
299 2042 351 2079 ad
375 2042 603 2080 Arnaldum
627 2042 675 2080 de
701 2042 913 2091 Pelagrua,
938 2041 999 2078 uti
1024 2054 1145 2091 supra
1170 2039 1360 2077 vidimus.

150 2100 277 2149 Magis
298 2100 422 2138 miror
443 2101 663 2139 Oldoinum
681 2114 688 2138 t
709 2100 778 2150 qui
800 2115 892 2138 cum
914 2100 1066 2138 scribat
1087 2100 1194 2137 hunc
1216 2098 1512 2148 Raymundum
1533 2097 1679 2135 obiisse
1698 2110 1807 2137 anno

97 2159 291 2206 MCCCX,
319 2160 381 2198 die
409 2175 512 2197 xxw
538 2160 642 2210 junii
680 2160 725 2209 [t.
752 2175 793 2207 11,
822 2160 894 2198 col.
923 2159 1039 2209 379],
1067 2158 1246 2197 Ciaconii
1265 2165 1413 2195 otamen
1446 2164 1486 2194 et
1514 2155 1689 2193 Frizonii
1719 2170 1806 2193 ves-

97 2218 196 2268 tigia
230 2233 417 2268 premens
450 2219 509 2256 ait
542 2233 635 2257 eum
669 2218 792 2257 fuisse
825 2219 1007 2268 legatum
1043 2218 1085 2258 in
1132 2217 1249 2254 Italia
1284 2230 1375 2254 cum
1412 2215 1593 2261 Nicolao,
1628 2213 1807 2252 Ostiensi

97 2277 288 2328 episcopo
316 2286 357 2316 et
379 2278 638 2328 Berengario,
659 2278 771 2315 tituli
789 2277 995 2316 Fasciolae
1019 2277 1260 2327 presbytero
1285 2274 1502 2315 cardinale.
1519 2273 1571 2311 ad
1595 2273 1807 2323 imponen-

98 2337 194 2374 dam
218 2350 410 2375 coronam
436 2337 611 2376 Henrico
635 2337 715 2374 VII
739 2336 990 2387 imperatori.

153 2395 347 2434 Diversae
375 2404 471 2436 sunt
496 2404 713 2434 auctorum
741 2396 950 2446 opiniones
979 2395 1026 2433 de
1054 2403 1237 2444 tempore
1266 2406 1346 2442 quo
1372 2392 1403 2429 is
1431 2391 1604 2429 excessit
1640 2405 1659 2429 e
1686 2390 1804 2429 vivis.

99 2454 336 2504 Onuphrius
360 2455 584 2495 Panvinius
606 2455 648 2493 in
672 2455 849 2493 secunda
874 2454 1051 2504 epitome
1075 2466 1285 2493 recensens
1310 2451 1384 2489 sub
1408 2449 1658 2500 pontificatu
1682 2449 1806 2487 ,Joan-

97 2513 160 2551 nis
185 2513 314 2551 XXII
338 2514 562 2553 cardinales
585 2514 741 2552 incerto
765 2522 948 2564 tempore
984 2520 1181 2558 mortuos,
1205 2511 1312 2551 inter
1335 2524 1400 2547 eos
1424 2509 1542 2559 ponit
1564 2509 1673 2546 hunc
1698 2508 1806 2557 Ray-

98 2573 314 2611 mundum.
343 2573 407 2610 Ex
432 2587 513 2623 quo
539 2573 751 2611 Ciaconius
779 2572 941 2622 collegit
965 2571 1080 2609 illum
1106 2569 1290 2620 ejusdem
1317 2567 1487 2606 Joannis
1516 2567 1645 2604 XXII
1671 2566 1806 2617 ponti-

102 2631 229 2669 ficatu
251 2639 462 2670 mortuum
485 2646 581 2671 esse.
609 2631 818 2669 Frizonius
845 2631 898 2681 [p.
925 2630 1023 2680 264]
1049 2643 1203 2670 annum
1220 2627 1443 2665 MCCCXX
1458 2625 1632 2664 addidit.
1659 2626 1805 2663 Postea

101 2690 355 2729 Contelorius
401 2691 455 2741 [p.
493 2690 564 2741 19]
602 2690 764 2740 scripsit
798 2690 1029 2728 extinctum
1062 2688 1177 2726 illum
1212 2686 1334 2724 fuisse
1369 2699 1476 2726 anno
1512 2684 1706 2731 MCCCX,
1742 2684 1806 2721 die

101 2763 205 2787 xxvl
233 2749 339 2799 junii
357 2749 383 2788 2.
417 2750 556 2788 Recte.
589 2749 756 2789 Etenim
786 2748 1040 2787 Cherubinus
1071 2744 1397 2791 Ghirardaccius,
1428 2744 1496 2782 lib.
1530 2743 1667 2791 XVII,
1697 2742 1804 2780 Hist.

101 2808 270 2855 Bonon.‚
297 2823 336 2858 p.
365 2808 453 2856 544,
482 2816 661 2846 testatur
687 2808 879 2846 nuntium
907 2807 955 2845 de
992 2814 1122 2844 morte
1149 2804 1236 2854 ejus
1273 2804 1445 2842 allatum
1472 2817 1556 2840 esse
1576 2801 1806 2843 Bononiam

101 2880 238 2908 mense
258 2867 360 2917 julio
392 2867 480 2917 [28]
504 2881 612 2905 anno
633 2867 814 2905 MCCCX
835 2866 1034 2915 additque
1065 2879 1110 2902 eo
1133 2862 1278 2902 nuntio
1310 2861 1489 2912 graviter
1509 2861 1739 2911 perculsam
1759 2874 1806 2898 ac

149 2999 182 3032 1.
211 2998 360 3038 Baluze,
384 3004 411 3030 t.
433 3010 485 3038 111,
509 3009 544 3041 p.
569 2998 625 3031 97.

151 3052 182 3085 2.
213 3051 372 3085 Clamant
390 3051 433 3091 V,
450 3051 675 3095 Appendice,
693 3062 728 3094 p.
748 3050 827 3083 229.
