2083 3458
113 213 265 269 [1224]
635 229 849 254 PAPARUM
885 226 1268 253 AVENIONENSIUM
1719 209 1798 251 743

100 326 196 350 suae
213 311 227 334 ¹
252 311 413 349 :Primo
434 311 827 361 dixitquodtempore
839 325 912 360 quo
933 310 1120 348 dominus
1138 310 1350 359 Gregorius
1370 325 1479 360 papa
1501 309 1797 359 infirmabatur,

100 385 245 420 parum
264 378 353 408 ante
373 369 458 419 ejus
480 370 643 417 obitum,
666 370 814 407 vocavit
833 369 988 419 aliquos
1008 369 1229 407 cardinales
1250 370 1294 407 de
1315 369 1459 419 quibus
1481 368 1608 417 magis
1629 368 1796 417 confide-

103 429 177 468 bat.
198 429 249 467 Et
264 429 344 478 fuit
369 443 529 479 presens
551 429 620 466 iste
647 429 902 466 camerarius.
924 428 974 466 Et
993 428 1078 478 ipse
1096 429 1232 466 videns
1250 429 1352 478 quod
1378 442 1456 465 non
1474 435 1623 477 poterat
1640 428 1798 464 evadere

99 487 200 526 discit
220 489 322 538 quod
341 488 506 537 rogabat
525 502 587 524 eos
609 488 711 538 quod
730 488 866 525 vellent
887 487 1026 536 eligere
1047 488 1091 524 de
1112 487 1271 536 collegio
1292 487 1464 537 aliquem
1488 487 1631 524 bonum
1652 486 1796 533 virum,

99 547 166 597 qui
193 556 289 585 esset
318 547 429 584 utilis
457 546 641 585 Ecclesie.
673 546 780 584 Nam
808 546 960 584 tenebat
988 561 1058 596 pro
1087 555 1183 584 certo
1212 547 1313 596 quod
1341 560 1419 583 non
1436 546 1604 595 *possent
1631 545 1796 595 reperiri

99 606 352 644 notabiliores
374 620 538 655 persone
561 620 680 655 quam
704 606 784 655 ipsi
808 613 946 652 essent,
973 620 1040 642 nec
1063 606 1217 643 decebat
1241 606 1342 655 quod
1365 605 1449 655 ipse
1474 605 1694 642 nominaret
1716 603 1797 641 sibi

96 665 281 715 aliquem.
307 665 404 703 Item
425 665 526 715 quod
544 679 584 701 se
604 664 830 714 expedirent
850 664 924 702 cito
944 673 1032 702 ante
1055 664 1277 713 ingressum
1298 664 1506 711 conclavis,
1529 678 1596 701 nec
1616 671 1799 701 curarent

99 725 142 762 de
160 724 433 774 solempnitate
452 738 539 773 cap.
568 724 646 761 Ubi
675 723 807 772 majus
829 737 896 761 nec
923 723 1098 761 aliarum
1126 724 1390 771 decretalium,
1412 723 1506 773 quia
1527 723 1611 773 ipse
1629 736 1795 772 suspen-

98 784 210 821 debat
231 784 321 821 illas
340 797 411 833 pro
430 783 563 833 prima
582 783 775 821 electione.
798 782 849 820 Et
868 783 912 820 de
931 783 998 819 hoc
1016 783 1115 831 facte
1133 783 1296 831 suerunt
1315 783 1436 820 littere
1455 790 1489 820 et
1511 782 1665 820 bullate.
1691 781 1796 820 Item

99 843 277 881 Joannes
312 841 514 889 columbi,
537 841 702 881 clericus
727 841 964 879 ¹dioeceseos
1000 841 1309 889 Avenionensis,
1331 841 1371 879 in
1404 856 1476 879 sua
1510 839 1796 891 depositione²

97 901 198 939 dixit
213 902 314 951 quod
328 901 484 939 audivit
498 901 549 939 ab
565 901 769 951 aliquibus
785 900 1046 938 cubiculariis
1061 915 1165 950 pape
1187 901 1366 949 Gregorii
1383 900 1484 950 quod
1500 901 1602 938 idem
1625 900 1669 938 G.
1687 914 1796 949 papa

97 961 248 999 dixerat
278 961 392 999 dictis
422 960 711 1007 cardinalibus,
735 968 944 1010 antequam
967 968 1189 1007 moreretur,
1213 961 1314 1010 quod
1334 960 1497 1008 rogabat
1517 973 1579 996 eos
1603 958 1685 1009 [ut]
1717 972 1796 996 non

97 1028 277 1058 curarent
303 1028 427 1057 tenere
455 1034 646 1057 novenam
672 1027 761 1057 ante
785 1019 1020 1065 electionem,
1045 1020 1112 1056 sed
1136 1018 1321 1068 eligerent
1346 1018 1465 1056 citius
1495 1032 1613 1069 quam
1639 1026 1797 1068 possent

97 1079 211 1116 illum
240 1093 352 1129 quem
375 1079 524 1125 vellent,
549 1078 738 1128 quoniam
769 1078 976 1116 dubitabat
999 1079 1100 1128 quod
1121 1078 1293 1116 Romani
1319 1078 1506 1127 inferrent
1540 1076 1596 1115 eis
1619 1077 1797 1127 aliquam

96 1138 335 1176 violentiam.
354 1137 482 1175 Addit
503 1145 646 1188 postea
665 1137 883 1187 vulgatum
906 1137 1026 1175 fuisse
1046 1138 1214 1184 Romae,
1231 1145 1441 1187 antequam
1453 1150 1563 1187 papa
1583 1135 1796 1186 Gregorius

96 1206 318 1244 moreretur,
341 1198 443 1247 quod
462 1205 543 1235 erat
564 1197 803 1234 miraculum
824 1198 926 1246 quod
948 1197 1011 1234 ille
1032 1211 1141 1246 papa
1164 1205 1372 1234 moreretur
1394 1197 1527 1243 Rome,
1548 1195 1661 1245 justo
1683 1195 1794 1233 vide-

95 1255 190 1294 licet
224 1256 297 1295 Dei
328 1256 496 1305 judicio,
530 1264 576 1293 ut
609 1256 803 1294 dicebant
838 1255 1099 1302 Urbanistae,
1134 1255 1228 1305 quia
1262 1255 1474 1305 cogitabat
1506 1255 1554 1293 de
1587 1253 1723 1293 reditu
1754 1254 1795 1291 in

96 1315 285 1364 Galliam,
309 1324 356 1353 ut
379 1329 502 1366 supra
527 1314 705 1354 vidimus
742 1314 1052 1365 praedicantem
1081 1315 1308 1352 Urbanum.
1350 1315 1395 1352 Id
1422 1314 1556 1364 ipsum
1578 1321 1760 1351 testatur
1780 1313 1796 1336 3

96 1375 274 1413 Thomas
300 1375 514 1425 episeopus
542 1374 778 1421 Lucerinus,
806 1373 875 1424 qui
898 1375 1057 1424 juratus
1082 1388 1202 1424 super
1225 1374 1405 1412 animam
1429 1388 1545 1411 suam
1570 1373 1670 1411 discit
1695 1374 1797 1422 quod

96 1443 245 1472 mortuo
274 1443 405 1472 sancte
436 1434 618 1471 memorie
648 1433 807 1471 domino
843 1433 1028 1483 Gregorio
1055 1433 1135 1482 suit
1162 1433 1274 1482 fama
1303 1433 1345 1470 in
1381 1432 1484 1470 Urbe
1511 1441 1545 1470 et
1574 1431 1795 1470 communis

94 1493 233 1542 opinio
256 1495 358 1544 quod
379 1507 424 1531 ex
447 1493 583 1531 divino
607 1493 798 1531 miraculo
823 1493 907 1542 ipse
930 1492 1117 1530 dominus
1147 1492 1190 1531 G.
1216 1500 1371 1530 venerat
1394 1492 1560 1529 Romam
1583 1500 1616 1529 et
1640 1492 1795 1528 demum

96 1552 242 1590 ibidem
264 1561 440 1591 mortuus
461 1552 552 1602 fuit.
581 1552 686 1590 Item
707 1551 811 1590 Bido
834 1551 943 1602 prior
967 1552 1213 1590 Sanctorum
1239 1551 1362 1590 fidem
1385 1551 1484 1589 facit
1507 1550 1643 1600 capita
1667 1549 1793 1599 regio·

95 1626 193 1651 num
235 1619 279 1657 et
317 1612 600 1650 Bandarenses
643 1611 826 1661 aliosque
871 1611 1059 1649 officiales
1108 1612 1315 1650 Romanos
1357 1610 1556 1660 ingressos
1601 1610 1794 1648 conclave

96 1671 245 1709 dixisse
275 1670 611 1709 cardinalibus4:
639 1669 722 1708 Nos
750 1670 947 1708 credimus
975 1671 1077 1720 quod
1101 1670 1302 1708 Dominus
1328 1670 1420 1719 jecit
1448 1669 1563 1707 nobis
1593 1669 1699 1706 istud
1725 1683 1795 1718 per

95 1730 333 1768 miraculum
358 1731 459 1780 quod
482 1745 591 1780 papa
622 1730 834 1779 Gregorius
859 1730 963 1767 venit
986 1731 1038 1767 ad
1063 1729 1182 1768 istum
1205 1738 1387 1767 sanctum
1410 1729 1537 1767 locum
1560 1737 1594 1766 et
1618 1736 1794 1766 mortuus

93 1798 159 1827 est.
192 1789 394 1827 Addidere
425 1789 622 1828 miraculo
650 1788 766 1829 illum
794 1788 835 1826 in
864 1797 994 1828 morte
1024 1788 1306 1838 recognovisse
1335 1803 1375 1826 se
1408 1787 1481 1826 Dei
1507 1787 1662 1837 judicio
1692 1786 1794 1825 mori

94 1848 290 1898 quoniam
325 1849 464 1888 sedem
499 1847 709 1899 propriam
745 1848 971 1898 relinquere
1009 1848 1371 1888 determinaverat.
1411 1847 1473 1885 Sic
1511 1846 1620 1886 enim
1654 1854 1794 1884 totum

70 1907 203 1945 -istud
223 1908 435 1958 negotium
462 1907 632 1957 gloriose
652 1907 847 1946 describit
866 1907 1079 1958 episcopus
1104 1907 1300 1945 Reatinus
1320 1907 1361 1943 in
1379 1921 1451 1945 sua
1473 1905 1728 1956 depositione
1748 1905 1763 1927 5
1785 1921 1791 1942 :

96 1967 193 2005 Item
211 1975 418 2017 postquam
435 1967 492 2004 sic
511 1975 679 2014 venerat,
699 1982 788 2004 cum
810 1981 888 2004 non
910 1967 964 2004 ita
985 1967 1065 2003 sibi
1082 1968 1179 2016 forte
1199 1967 1353 2015 negotia
1373 1967 1618 2003 succederent
1637 1973 1677 2002 ut
1695 1965 1793 2001 vole-

95 2026 169 2073 bat,
198 2034 348 2076 totaque
376 2026 509 2076 patria
535 2034 653 2064 staret
681 2026 724 2063 in
752 2026 904 2075 guerris
932 2034 966 2064 et
992 2026 1334 2072 tribulationibus,
1363 2034 1397 2063 et
1423 2025 1645 2062 cardinales
1673 2027 1792 2061 ultra-

93 2085 270 2123 montani
322 2086 490 2123 multum
543 2086 735 2123 instarent
787 2093 828 2123 ut
883 2085 1128 2122 Avenionem
1185 2085 1325 2122 iterum
1381 2092 1577 2131 remearet,
1635 2083 1793 2133 ipseque

92 2144 343 2182 deliberasset
370 2159 416 2182 ea:
441 2153 514 2182 toto
543 2159 582 2182 se
617 2145 710 2182 velle
743 2144 882 2191 redire,
909 2145 1004 2191 Deo,
1043 2153 1083 2181 ut
1111 2145 1234 2191 credo,
1265 2151 1448 2193 operante
1479 2143 1589 2192 gravi
1620 2142 1791 2192 infirmi-

92 2211 165 2241 tate
191 2213 387 2253 correptus
420 2204 462 2241 in
500 2204 602 2241 Urbe
634 2204 725 2253 ipsa
755 2212 788 2240 et
817 2204 904 2240 sede
935 2203 1100 2253 propria
1123 2203 1226 2241 diem
1255 2218 1373 2240 suum
1396 2202 1539 2239 clausit
1559 2210 1790 2248 ezctremum3

90 2270 136 2310 et,
171 2271 211 2300 ut
240 2263 376 2309 audio,
408 2263 502 2300 dum
533 2263 575 2300 in
604 2263 786 2300 extremis
816 2271 958 2311 ageret,
988 2262 1147 2312 jamque
1177 2263 1221 2299 de
1250 2262 1330 2299 vita
1359 2269 1393 2298 et
1421 2261 1591 2299 sanitate
1625 2262 1792 2310 quodam

91 2322 202 2359 modo
240 2322 472 2371 desperaret,
515 2322 599 2371 ipse
635 2321 854 2370 recognovit
889 2336 928 2358 se
961 2321 1036 2358 Dei
1070 2321 1223 2370 judicio
1261 2320 1404 2358 idcirco
1441 2328 1557 2358 morte
1593 2319 1791 2369 preveniri

92 2381 279 2431 quoniam
338 2382 466 2419 sedem
524 2381 732 2431 propriam
778 2381 995 2430 relinquere
1048 2374 1384 2417 determinaverat.
1432 2379 1509 2417 Sed
1556 2379 1654 2416 haec
1709 2393 1791 2416 non

91 2449 322 2489 congruunt
369 2454 463 2480 cum
509 2440 764 2490 depositione
819 2439 935 2477 testis
992 2439 1144 2477 oculati
1198 2438 1415 2477 cardinalis
1462 2439 1509 2475 de
1559 2437 1788 2476 Britannia.

95 2498 240 2548 Itaque
274 2499 598 2538 existimandum
645 2507 706 2537 est
748 2512 793 2535 ea
836 2499 888 2535 ab
933 2498 1180 2545 Urbanistis,
1218 2506 1265 2535 ut
1302 2498 1495 2547 pleraque
1534 2496 1628 2543 alia,
1666 2496 1789 2534 fuisse

91 2559 283 2596 conficta.

145 2617 188 2655 P.
216 2616 306 2663 440,
333 2617 399 2666 lig.
428 2617 490 2655 31.
514 2618 601 2654 PER
630 2617 667 2654 S.
698 2617 976 2654 ΜΑΧΙΜῙΝΠΜ.
1006 2615 1141 2654 Prima
1169 2615 1247 2661 die,
1268 2615 1308 2652 id
1334 2623 1395 2653 est
1432 2629 1503 2652 xm
1529 2614 1788 2664 septembris,

93 2675 307 2725 Gregorius
340 2689 448 2726 papa
482 2676 542 2713 XI
573 2675 744 2713 advenit
775 2676 827 2712 ad
858 2676 994 2714 locum
1026 2674 1251 2720 Novarum,
1284 2673 1354 2711 ubi
1394 2673 1546 2712 mansit
1576 2688 1705 2723 usque
1736 2673 1788 2710 ad

90 2733 199 2773 diem
218 2734 338 2772 lunae
358 2743 614 2784 sequentem,
635 2734 675 2771 id
691 2742 767 2781 est,
784 2749 841 2771 xv
862 2733 970 2773 diem
990 2733 1247 2783 septembris.
1268 2732 1339 2770 Die
1361 2747 1433 2769 XVI
1454 2732 1532 2769 fuit
1552 2731 1592 2769 in
1614 2732 1788 2781 Orgone.

201 2883 267 2916 Ms.
297 2883 381 2922 cite,
410 2883 472 2916 fol.
502 2883 547 2916 63
573 2888 617 2916 r0.

201 2936 268 2969 Ms.
297 2936 381 2975 cite,
410 2936 472 2969 fol.
503 2936 571 2969 167
599 2941 642 2969 r0.

201 2989 267 3022 Ms.
294 2989 377 3027 cite,
404 2988 465 3022 fol.
494 2989 536 3022 87
561 2993 605 3022 ΓΟ.

163 3069 169 3075 .
201 3042 268 3075 Ms.
294 3042 378 3079 cite,
405 3042 467 3075 fol.
495 3042 539 3074 55
563 3047 607 3075 r0.

201 3095 268 3128 ΜΞ.
292 3095 375 3132 cite,
398 3094 460 3129 fol.
484 3095 524 3128 81
549 3099 592 3128 ΓΟ.

137 2884 169 3022 9030?

138 3096 154 3127 'vv
138 3043 156 3074 ὣ

150 3108 169 3127 Γ
