2083 3458
231 187 314 228 358
882 201 1034 249 No-TAE
1068 200 1129 225 AD
1162 200 1290 225 VITAs
1813 182 1926 239 [850]

234 286 385 335 suum),
409 286 613 324 Guillelmi
636 285 807 323 Roberti
829 285 1013 323 canonici
1029 284 1330 323 Lemovicensis
1353 293 1394 323 et
1414 285 1577 323 abbatis
1594 284 1768 322 Sanctae
1786 283 1938 321 Mariae

235 345 401 394 majoris
447 344 729 384 Pictaviensis.
776 344 862 393 (qui
906 344 947 381 in
997 344 1124 381 Veteri
1169 344 1426 381 instrumento
1459 358 1567 381 anno
1605 342 1938 381 MCCLXXXVI

236 412 407 442 vocatur
439 404 665 442 avunculus
700 403 863 441 Geralcli
897 403 1068 441 Roberti
1100 402 1256 451 militis)
1299 411 1340 441 et
1373 403 1565 441 Ademari
1599 402 1784 449 Roberti,
1817 415 1938 451 quem

243 463 394 501 Veteres
433 463 640 500 memoriae
678 462 827 500 docent
865 462 988 500 fuisse
1026 476 1134 500 anno
1173 462 1377 500 MCCXCI
1414 462 1697 512 praepositum
1737 460 1940 499 Ecclesiae

239 522 479 560 Tutelensis.
505 522 737 560 Bernardus
763 536 856 570 ergo
884 521 1023 571 genuit
1048 521 1156 559 hunc
1183 521 1418 568 Geraldum,
1444 521 1709 567 Ademarum,
1737 520 1940 567 Dulciam,

239 590 279 620 et
298 581 421 619 aliam
442 581 568 620 filiam
587 580 807 619 monialem
828 580 978 618 ordinis
999 580 1332 618 Fontis-Ebraldi
1350 580 1391 617 in
1410 580 1658 618 monasterio
1675 578 1940 618 Blessacensi.

240 641 303 678 Ex
324 640 385 678 his
408 640 634 679 Ademarus
657 639 736 677 fuit
757 647 876 690 pater
895 639 1114 677 Bertrandi
1136 639 1290 687 militis,
1314 639 1507 678 Ademari
1529 638 1759 686 cardinalis,
1783 639 1940 688 Marga-

238 699 340 737 ritae
366 707 519 749 nuptae
545 699 666 737 Petro
691 698 740 736 de
765 699 890 736 Curso
914 698 1049 746 militi,
1072 699 1198 737 Farae
1219 698 1357 737 uxoris
1378 698 1583 738 Guillelmi
1607 698 1655 736 de
1681 697 1879 744 Favariis,
1900 705 1941 735 et

239 758 411 796 aliarum
428 759 604 797 duarum
620 758 795 795 filiarum
808 757 1049 797 monialium
1065 758 1175 808 apud
1186 757 1507 796 Bonamsaniam
1531 757 1784 796 Bertrandus
1802 756 1942 806 genuit

238 818 494 856 Bernardum
518 817 682 855 vinculo
704 817 832 867 jugali
856 817 1125 867 conjunctum
1149 831 1242 856 cum
1267 818 1428 856 Joanna
1453 817 1501 855 de
1526 816 1742 864 Prulliaco,
1766 816 1942 854 Adema—

240 892 331 914 rum
373 877 610 927 episcopum
640 876 934 914 Lexoviensem
976 885 1017 914 et
1058 876 1410 927 archiepiscopum
1443 876 1730 923 Senonensem‚
1773 875 1943 913 Petrum

241 936 483 975 canonicum
504 935 773 975 Parisiensem
794 944 835 973 et
851 936 1053 974 decanum
1071 936 1210 974 Sancti
1230 935 1422 981 Germani
1443 934 1810 973 Autissiodorensis
1831 934 1942 984 apud

241 995 451 1033 Lutetiam
472 994 733 1042 Parisiorum,
749 1009 795 1032 ac
814 1003 1026 1045 praeterea
1044 995 1322 1034 Bertrandum
1344 995 1514 1033 Roberti
1533 994 1729 1032 abbatem
1746 993 1942 1043 Moyssia-

241 1069 400 1092 oensem
428 1062 469 1092 et
496 1054 733 1104 episcopum
761 1054 1068 1093 Montisalban-i.
1102 1054 1223 1092 Istius
1259 1054 1456 1105 postremi
1482 1053 1701 1092 Bertrandi
1730 1053 1802 1090 filii
1832 1052 1943 1091 fuere

240 1114 467 1152 Ademarus
490 1121 532 1151 et
555 1114 748 1152 Joannes.
772 1114 1000 1152 Ademarus
1023 1113 1145 1151 duxit
1167 1113 1433 1163 Margaritam
1456 1113 1504 1152 de
1526 1114 1565 1151 la
1589 1113 1713 1151 Porta
1738 1120 1872 1151 ortam
1894 1126 1944 1150 ex

240 1181 359 1222 gente
384 1187 488 1222 quae
510 1172 685 1223 protulit
707 1173 972 1222 Raynaldum
992 1173 1040 1211 de
1054 1173 1092 1211 la
1111 1173 1235 1211 Porta
1258 1173 1520 1220 cardinalem,
1539 1173 1718 1210 Joannes
1736 1186 1833 1210 vero
1848 1171 1943 1209 Ber-

238 1232 435 1270 trandum
459 1232 508 1270 de
532 1232 714 1270 Cosnaco
737 1240 905 1282 neptem
926 1232 1146 1270 Bertrandi
1161 1232 1209 1271 de
1224 1232 1405 1270 Cosnaco
1429 1231 1659 1270 cardinalis.

293 1291 356 1328 Ex
381 1291 539 1343 eadem,
564 1299 613 1329 ut
636 1299 754 1342 puto,
781 1291 906 1342 stirpe
934 1300 1046 1330 ortus
1073 1299 1135 1330 est
1159 1306 1300 1330 eorum
1328 1291 1604 1330 Robertorum
1628 1304 1767 1328 ramus
1799 1289 1869 1340 qui
1895 1289 1944 1328 de

239 1350 375 1388 Garda
409 1350 809 1401 cognominabantur
842 1351 937 1401 quia
969 1351 1080 1401 apud
1114 1351 1295 1389 Gardam
1324 1351 1461 1390 locum
1493 1350 1721 1389 dioeceseos
1758 1348 1944 1387 Lemovi-

239 1409 367 1448 censis
387 1410 501 1448 sedes
523 1410 713 1449 fixerant.
731 1410 898 1448 Etenim
924 1410 965 1447 in
986 1410 1240 1448 Clzariulario
1266 1410 1506 1448 monasterii
1533 1408 1762 1448 Tutelensis
1787 1407 1944 1459 reperio

242 1468 413 1507 Petrum
445 1469 617 1508 Roberti
648 1469 696 1508 de
729 1469 865 1508 Garda
901 1477 943 1508 et
975 1470 1194 1520 Hugonem
1221 1469 1392 1508 Roberti
1420 1470 1468 1518 de
1500 1468 1636 1507 Garda
1667 1468 1816 1507 vixisse
1839 1467 1943 1506 circa

240 1543 396 1566 annum
417 1527 627 1566 MLXXX
659 1529 805 1567 eodem
834 1528 1030 1567 nimirum
1052 1537 1239 1580 tempore
1267 1543 1348 1579 quo
1371 1527 1572 1567 vivebant
1590 1527 1737 1567 Petrus
1760 1535 1802 1566 et
1824 1527 1943 1577 Hugo

243 1587 429 1636 Roberti,
453 1602 553 1638 quos
577 1587 755 1626 diximus
780 1587 884 1626 filios
907 1588 1030 1626 fuisse
1054 1588 1226 1627 Roberti
1248 1596 1289 1626 et
1312 1588 1557 1639 Stephanae.

296 1647 480 1697 Hugonis
512 1655 554 1685 et
586 1647 832 1685 Petronillae
865 1662 967 1685 aevo
998 1647 1105 1685 vixit
1137 1648 1282 1685 Petrus
1314 1648 1363 1685 de
1397 1647 1547 1686 Sancto
1577 1646 1700 1685 Gallo
1719 1646 1944 1683 monachus

239 1706 445 1744 Vosiensis
470 1714 582 1744 ortus
606 1706 717 1744 haud
742 1706 864 1745 dubie
888 1721 938 1745 ex
961 1707 1105 1745 eadem
1128 1707 1296 1745 familia.
1326 1707 1372 1744 In
1395 1713 1648 1746 testamento
1673 1705 1870 1744 Guidonis
1896 1704 1944 1743 de

242 1765 422 1804 Noalhas
450 1765 617 1804 condito
643 1780 751 1803 anno
778 1766 997 1804 MCCXCV
1023 1766 1180 1817 reperio
1208 1766 1254 1805 G.
1284 1766 1456 1804 Roberti
1482 1765 1605 1803 fuisse
1631 1773 1723 1802 tum
1748 1764 1943 1802 abbatem

241 1824 416 1863 Sanctae
444 1824 596 1863 Mariae
623 1824 790 1875 majoris
819 1825 1087 1863 Pictaviensis
1116 1833 1157 1864 et
1184 1825 1436 1864 Ademarum
1465 1824 1637 1863 Roberti
1664 1823 1945 1874 archipresby—

240 1892 375 1922 terum
411 1884 459 1922 de
497 1884 692 1922 Mastatio
730 1884 995 1923 Santonensis
1032 1884 1239 1932 dioecesis,
1275 1892 1483 1935 nepotem,
1519 1892 1567 1921 ut
1601 1891 1718 1934 puto,
1760 1882 1944 1933 ejusdem

243 1943 453 1982 Guidonis.

295 2002 401 2040 Gens
422 2002 700 2040 Robertorum
718 2002 882 2040 videtur
900 2003 1081 2041 amisisse
1099 2011 1354 2053 potestatem
1369 2010 1410 2041 et
1425 2001 1650 2040 dominium
1668 2001 1791 2040 castri
1806 2000 1945 2039 Sancti

243 2061 348 2099 Galli
383 2069 479 2099 ante
514 2075 670 2099 annum
706 2061 974 2109 MCCCXLV,
1010 2076 1090 2111 quo
1126 2062 1282 2112 reperio
1324 2062 1432 2100 inter
1466 2061 1726 2099 Probationes
1760 2059 1946 2098 historiae

244 2120 434 2167 Tarenn„
458 2135 497 2170 p.
526 2120 613 2168 150,
640 2120 897 2159 Ludovicum
922 2121 970 2159 de
996 2121 1167 2159 Gimello
1192 2121 1315 2159 fuisse
1340 2120 1554 2159 dominum
1578 2120 1627 2158 de
1653 2120 1804 2158 Sancto
1829 2119 1945 2157 Gallo

243 2180 543 2219 Lemovicensis
569 2179 775 2218 dioecesis.
806 2180 852 2217 In
875 2180 1114 2230 Genealogia
1133 2180 1259 2229 gentis
1280 2179 1628 2227 Cardalliacensis‘,
1646 2194 1685 2230 p.
1711 2179 1774 2226 38,
1798 2178 1947 2228 legitur

243 2238 504 2277 Guilbertum
541 2239 589 2277 de
626 2239 878 2277 Cardalliaeo
915 2240 1179 2278 matrimonio
1224 2240 1300 2277 sibi
1336 2239 1509 2278 sociasse
1553 2253 1661 2276 anno
1698 2237 1946 2276 MCCCCXL

241 2298 516 2337 Bertrandam
539 2298 710 2336 Roberti
733 2298 859 2336 filiam
882 2298 1050 2336 Guinoti
1073 2299 1245 2337 Roberti
1266 2298 1422 2339 domini
1442 2299 1491 2337 de
1514 2298 1748 2348 Ligneraco,
1771 2311 1821 2335 ex
1841 2296 1947 2334 anti-

245 2371 324 2406 qua
360 2357 551 2407 progenie
585 2357 753 2395 militari
787 2357 1022 2408 provinciae
1058 2358 1372 2396 Lemovicensis.
1413 2358 1525 2396 Inter
1557 2356 1817 2395 Probationes
1850 2370 1947 2394 vero

243 2416 429 2454 historiae
470 2416 762 2454 Turrianorum
799 2417 1080 2465 Arvernorum,
1119 2432 1158 2467 p.
1200 2417 1289 2464 328,
1329 2425 1447 2455 extat
1485 2416 1640 2454 mentio
1680 2415 1866 2453 Joannae
1905 2422 1947 2453 et
1975 2420 1980 2428 “

244 2475 490 2525 Margaritae
526 2475 697 2513 Roberti
732 2476 780 2514 de
815 2476 1014 2525 Lineyrac
1050 2476 1226 2513 filiarum
1261 2476 1433 2514 Gilberti
1467 2476 1515 2514 de
1550 2475 1763 2524 Lineyrac,
1797 2473 1946 2524 equitis

243 2534 442 2583 torquati,
464 2542 690 2584 nuptarum
710 2549 818 2573 anno
839 2535 1004 2573 MDVII
1026 2536 1207 2574 Thomae
1228 2543 1269 2573 et
1289 2535 1467 2573 Martino
1489 2535 1537 2573 de
1558 2535 1696 2572 Turre.
1720 2534 1784 2571 Ex
1803 2533 1946 2572 eadem
2009 2528 2011 2530 V

245 2601 364 2642 gente
391 2594 514 2643 paulo
542 2601 685 2643 postea
712 2594 866 2644 prodiit
894 2594 1073 2632 ,lacobus
1103 2594 1275 2632 Roberti
1302 2594 1350 2632 de
1379 2594 1597 2643 Lineyrac,
1620 2607 1742 2643 quem
1767 2592 1809 2630 in
1835 2599 1947 2630 vete-

244 2652 355 2689 ribus
389 2652 546 2690 schedis
573 2653 671 2691 meis
697 2653 853 2703 reperio
888 2653 1010 2691 fuisse
1043 2653 1274 2703 praesidem
1301 2653 1587 2703 inquestarum
1620 2652 1661 2690 in
1687 2651 1946 2702 parlamento

245 2710 536 2759 Burdegalensi
557 2725 665 2749 anno
686 2712 900 2751 millesimo
924 2712 1112 2750 DLXIV.

302 2770 345 2806 In
372 2770 500 2807 veteri
526 2770 765 2808 membrana
792 2771 996 2809 Ecclesiae
1018 2768 1220 2821 Aquensis
1240 2771 1281 2808 in
1304 2770 1504 2808 Vasconia
1523 2769 1679 2820 reperio
1694 2769 1946 2807 Ademarum

248 2827 417 2865 Roberti
450 2828 571 2866 fuisse
604 2829 836 2868 auditorem
870 2830 1064 2868 Galhardi
1097 2829 1313 2868 cardinalis
1347 2829 1395 2867 de
1429 2829 1554 2867 Mota.
1593 2829 1639 2866 In
1681 2827 1816 2866 codice
1849 2841 1945 2865 vero

244 2885 347 2923 2308
378 2887 649 2926 bibliothecae
680 2888 969 2927 Colbertinae1
1001 2889 1056 2927 sic
1085 2888 1233 2938 legitur
1265 2905 1272 2926 ε
1306 2888 1445 2926 Sancte
1475 2902 1561 2926 ac...
1596 2886 1800 2934 Trinitati,
1832 2885 1946 2935 cujus

243 2945 436 2994 sapientis
458 2946 626 2995 potentie
649 2947 777 2995 gratia
794 2947 870 2985 Dei
893 2947 1102 2997 cujuslibet
1125 2947 1293 2997 inceptio
1314 2946 1492 2997 provenit
1512 2946 1642 2996 operis
1663 2954 1775 2995 atque
1797 2944 1893 2995 finis
1914 2952 1947 2982 et

291 3070 321 3101 1.
347 3068 388 3104 B.
415 3068 471 3110 N„
495 3080 565 3106 ms.
588 3070 683 3102 latin
708 3070 786 3111 752,
811 3071 873 3105 fol.
899 3073 969 3105 334
991 3077 1035 3105 ΓΟ.
