<?xml version="1.0" encoding="UTF-8"?>
<!DOCTYPE html PUBLIC "-//W3C//DTD XHTML 1.0 Transitional//EN"
    "http://www.w3.org/TR/xhtml1/DTD/xhtml1-transitional.dtd">
<html xmlns="http://www.w3.org/1999/xhtml" xml:lang="en" lang="en">
 <head>
  <title>
</title>
<meta http-equiv="Content-Type" content="text/html;charset=utf-8" />
  <meta name='ocr-system' content='tesseract 3.04.00' />
  <meta name='ocr-capabilities' content='ocr_page ocr_carea ocr_par ocr_line ocrx_word'/>
</head>
<body>
  <div class='ocr_page' id='page_1' title='image "./vitaepaparumaven02balu_0156.png"; bbox 0 0 2083 3458; ppageno 0'>
   <div class='ocr_carea' id='block_1_1' title="bbox 268 190 1977 247">
    <p class='ocr_par' dir='ltr' id='par_1_1' title="bbox 268 190 1977 247">
     <span class='ocr_line' id='line_1_1' title="bbox 268 190 1977 247; baseline -0.006 -5"><span class='ocrx_word' id='word_1_1' title='bbox 268 204 348 243; x_wconf 62' lang='lat' dir='ltr'>‘llio&#39;</span> <span class='ocrx_word' id='word_1_2' title='bbox 916 213 1068 239; x_wconf 81' lang='lat' dir='ltr'><strong>NOTAE</strong></span> <span class='ocrx_word' id='word_1_3' title='bbox 1102 212 1163 237; x_wconf 88' lang='lat' dir='ltr'>AD</span> <span class='ocrx_word' id='word_1_4' title='bbox 1199 210 1327 236; x_wconf 77' lang='lat' dir='ltr'>VITAs</span> <span class='ocrx_word' id='word_1_5' title='bbox 1852 190 1977 247; x_wconf 83' lang='grc'>[661]</span> 
     </span>
    </p>
   </div>
   <div class='ocr_carea' id='block_1_2' title="bbox 238 289 1984 1403">
    <p class='ocr_par' dir='ltr' id='par_1_2' title="bbox 267 289 1979 409">
     <span class='ocr_line' id='line_1_2' title="bbox 269 289 1979 339; baseline -0.007 -1"><span class='ocrx_word' id='word_1_6' title='bbox 269 308 435 339; x_wconf 81' lang='lat' dir='ltr'>sanctae</span> <span class='ocrx_word' id='word_1_7' title='bbox 469 313 662 337; x_wconf 86' lang='lat' dir='ltr'>romanae</span> <span class='ocrx_word' id='word_1_8' title='bbox 696 297 899 335; x_wconf 80' lang='lat' dir='ltr'>Ecclesiae</span> <span class='ocrx_word' id='word_1_9' title='bbox 932 293 1284 339; x_wconf 78' lang='lat' dir='ltr'>vicecancellari03</span> <span class='ocrx_word' id='word_1_10' title='bbox 1311 292 1556 330; x_wconf 78' lang='lat' dir='ltr'>Collectanea</span> <span class='ocrx_word' id='word_1_11' title='bbox 1588 291 1631 328; x_wconf 82' lang='lat' dir='ltr'>de</span> <span class='ocrx_word' id='word_1_12' title='bbox 1663 290 1832 328; x_wconf 77' lang='lat' dir='ltr'>dissidio</span> <span class='ocrx_word' id='word_1_13' title='bbox 1855 289 1979 328; x_wconf 81' lang='lat' dir='ltr'>Boni-</span> 
     </span>
     <span class='ocr_line' id='line_1_3' title="bbox 267 351 1322 409; baseline -0.008 -12"><span class='ocrx_word' id='word_1_14' title='bbox 267 360 365 409; x_wconf 74' lang='lat' dir='ltr'>jacii</span> <span class='ocrx_word' id='word_1_15' title='bbox 393 359 506 396; x_wconf 83' lang='lat' dir='ltr'><em>VIII</em></span> <span class='ocrx_word' id='word_1_16' title='bbox 527 366 561 395; x_wconf 77' lang='lat' dir='ltr'>et</span> <span class='ocrx_word' id='word_1_17' title='bbox 583 357 770 407; x_wconf 73' lang='lat' dir='ltr'>Philippi</span> <span class='ocrx_word' id='word_1_18' title='bbox 798 355 944 402; x_wconf 73' lang='lat' dir='ltr'>Pulcri,</span> <span class='ocrx_word' id='word_1_19' title='bbox 967 370 1005 405; x_wconf 88' lang='lat' dir='ltr'>p.</span> <span class='ocrx_word' id='word_1_20' title='bbox 1031 354 1120 401; x_wconf 85' lang='grc'>367,</span> <span class='ocrx_word' id='word_1_21' title='bbox 1144 352 1231 391; x_wconf 79' lang='grc'>408.</span> <span class='ocrx_word' id='word_1_22' title='bbox 1319 351 1322 357; x_wconf 82' lang='grc'><strong>’</strong></span> 
     </span>
    </p>

    <p class='ocr_par' dir='ltr' id='par_1_3' title="bbox 266 409 1980 702">
     <span class='ocr_line' id='line_1_4' title="bbox 321 409 1979 463; baseline -0.006 -7"><span class='ocrx_word' id='word_1_23' title='bbox 321 420 439 456; x_wconf 78' lang='lat' dir='ltr'>Anno</span> <span class='ocrx_word' id='word_1_24' title='bbox 473 417 615 455; x_wconf 90' lang='lat' dir='ltr'>eodem</span> <span class='ocrx_word' id='word_1_25' title='bbox 649 416 842 462; x_wconf 86' lang='lat' dir='ltr'>MCCCX,</span> <span class='ocrx_word' id='word_1_26' title='bbox 877 415 1086 463; x_wconf 88' lang='lat' dir='ltr'>delegatus</span> <span class='ocrx_word' id='word_1_27' title='bbox 1120 427 1142 450; x_wconf 93' lang='lat' dir='ltr'>a</span> <span class='ocrx_word' id='word_1_28' title='bbox 1176 412 1384 450; x_wconf 80' lang='lat' dir='ltr'>Clemente</span> <span class='ocrx_word' id='word_1_29' title='bbox 1416 411 1451 448; x_wconf 89' lang='lat' dir='ltr'>V</span> <span class='ocrx_word' id='word_1_30' title='bbox 1491 424 1574 448; x_wconf 89' lang='lat' dir='ltr'>una</span> <span class='ocrx_word' id='word_1_31' title='bbox 1608 424 1701 447; x_wconf 90' lang='lat' dir='ltr'>cum</span> <span class='ocrx_word' id='word_1_32' title='bbox 1728 409 1979 458; x_wconf 87' lang='lat' dir='ltr'>Raymundo</span> 
     </span>
     <span class='ocr_line' id='line_1_5' title="bbox 266 467 1980 518; baseline -0.006 -2"><span class='ocrx_word' id='word_1_33' title='bbox 266 479 417 516; x_wconf 79' lang='lat' dir='ltr'>abbate</span> <span class='ocrx_word' id='word_1_34' title='bbox 453 476 699 515; x_wconf 89' lang='lat' dir='ltr'>Obazinensi</span> <span class='ocrx_word' id='word_1_35' title='bbox 733 483 773 513; x_wconf 89' lang='lat' dir='ltr'>et</span> <span class='ocrx_word' id='word_1_36' title='bbox 807 475 967 512; x_wconf 86' lang='lat' dir='ltr'>Joanne</span> <span class='ocrx_word' id='word_1_37' title='bbox 1001 473 1049 510; x_wconf 90' lang='lat' dir='ltr'>de</span> <span class='ocrx_word' id='word_1_38' title='bbox 1083 471 1298 518; x_wconf 86' lang='lat' dir='ltr'>GensaniS,</span> <span class='ocrx_word' id='word_1_39' title='bbox 1333 470 1622 508; x_wconf 88' lang='lat' dir='ltr'>archidiacono</span> <span class='ocrx_word' id='word_1_40' title='bbox 1656 469 1705 507; x_wconf 88' lang='lat' dir='ltr'>de</span> <span class='ocrx_word' id='word_1_41' title='bbox 1732 467 1980 506; x_wconf 89' lang='lat' dir='ltr'>Combrallia</span> 
     </span>
     <span class='ocr_line' id='line_1_6' title="bbox 266 527 1979 581; baseline -0.005 -6"><span class='ocrx_word' id='word_1_42' title='bbox 266 538 306 575; x_wconf 91' lang='lat' dir='ltr'>in</span> <span class='ocrx_word' id='word_1_43' title='bbox 338 536 516 575; x_wconf 82' lang='lat' dir='ltr'>Ecclesia</span> <span class='ocrx_word' id='word_1_44' title='bbox 540 533 835 577; x_wconf 72' lang='lat' dir='ltr'>Lemovicensi,</span> <span class='ocrx_word' id='word_1_45' title='bbox 856 541 903 570; x_wconf 89' lang='lat' dir='ltr'>ut</span> <span class='ocrx_word' id='word_1_46' title='bbox 932 538 1196 581; x_wconf 75' lang='lat' dir='ltr'>componeret</span> <span class='ocrx_word' id='word_1_47' title='bbox 1219 538 1378 568; x_wconf 90' lang='lat' dir='ltr'>statum</span> <span class='ocrx_word' id='word_1_48' title='bbox 1400 529 1553 567; x_wconf 84' lang='lat' dir='ltr'>ordinis</span> <span class='ocrx_word' id='word_1_49' title='bbox 1578 527 1979 574; x_wconf 88' lang='lat' dir='ltr'>Grandimontensis‚</span> 
     </span>
     <span class='ocr_line' id='line_1_7' title="bbox 267 587 1980 646; baseline -0.005 -13"><span class='ocrx_word' id='word_1_50' title='bbox 267 596 472 646; x_wconf 85' lang='lat' dir='ltr'>quaedam</span> <span class='ocrx_word' id='word_1_51' title='bbox 502 602 662 633; x_wconf 89' lang='lat' dir='ltr'>statuta</span> <span class='ocrx_word' id='word_1_52' title='bbox 694 593 824 631; x_wconf 81' lang='lat' dir='ltr'>edidit</span> <span class='ocrx_word' id='word_1_53' title='bbox 855 606 959 642; x_wconf 89' lang='lat' dir='ltr'>quae</span> <span class='ocrx_word' id='word_1_54' title='bbox 989 599 1134 641; x_wconf 90' lang='lat' dir='ltr'>postea</span> <span class='ocrx_word' id='word_1_55' title='bbox 1164 604 1186 627; x_wconf 92' lang='lat' dir='ltr'>a</span> <span class='ocrx_word' id='word_1_56' title='bbox 1217 590 1426 628; x_wconf 81' lang='lat' dir='ltr'>Clemente</span> <span class='ocrx_word' id='word_1_57' title='bbox 1456 587 1703 627; x_wconf 88' lang='lat' dir='ltr'>confirmata</span> <span class='ocrx_word' id='word_1_58' title='bbox 1724 587 1894 625; x_wconf 87' lang='lat' dir='ltr'>fuerunt</span> <span class='ocrx_word' id='word_1_59' title='bbox 1922 601 1980 625; x_wconf 69' lang='grc' dir='ltr'>ΧΠ</span> 
     </span>
     <span class='ocr_line' id='line_1_8' title="bbox 268 649 1169 702; baseline -0.008 -8"><span class='ocrx_word' id='word_1_60' title='bbox 268 658 345 694; x_wconf 86' lang='lat' dir='ltr'>kal.</span> <span class='ocrx_word' id='word_1_61' title='bbox 365 654 463 692; x_wconf 88' lang='lat' dir='ltr'>maii</span> <span class='ocrx_word' id='word_1_62' title='bbox 480 667 588 692; x_wconf 91' lang='lat' dir='ltr'>anno</span> <span class='ocrx_word' id='word_1_63' title='bbox 607 653 753 702; x_wconf 85' lang='lat' dir='ltr'>quinto</span> <span class='ocrx_word' id='word_1_64' title='bbox 784 651 848 702; x_wconf 85' lang='grc'>[20</span> <span class='ocrx_word' id='word_1_65' title='bbox 865 651 968 688; x_wconf 89' lang='lat' dir='ltr'>avril</span> <span class='ocrx_word' id='word_1_66' title='bbox 998 649 1120 699; x_wconf 82' lang='grc'>1309]</span> <span class='ocrx_word' id='word_1_67' title='bbox 1144 650 1169 687; x_wconf 82' lang='lat'>¹.</span> 
     </span>
    </p>

    <p class='ocr_par' dir='ltr' id='par_1_4' title="bbox 267 705 1981 811">
     <span class='ocr_line' id='line_1_9' title="bbox 320 705 1981 760; baseline -0.005 -9"><span class='ocrx_word' id='word_1_68' title='bbox 320 714 476 752; x_wconf 85' lang='lat' dir='ltr'>Eodem</span> <span class='ocrx_word' id='word_1_69' title='bbox 498 727 604 750; x_wconf 90' lang='lat' dir='ltr'>anno</span> <span class='ocrx_word' id='word_1_70' title='bbox 629 726 700 749; x_wconf 79' lang='lat' dir='ltr'>xlv</span> <span class='ocrx_word' id='word_1_71' title='bbox 722 712 801 749; x_wconf 87' lang='lat' dir='ltr'>kal.</span> <span class='ocrx_word' id='word_1_72' title='bbox 824 710 1003 760; x_wconf 86' lang='lat' dir='ltr'>januarii</span> <span class='ocrx_word' id='word_1_73' title='bbox 1037 709 1102 759; x_wconf 82' lang='grc'>[19</span> <span class='ocrx_word' id='word_1_74' title='bbox 1124 708 1338 746; x_wconf 78' lang='lat' dir='ltr'>decembre</span> <span class='ocrx_word' id='word_1_75' title='bbox 1368 707 1379 758; x_wconf 90' lang='lat'>]</span> <span class='ocrx_word' id='word_1_76' title='bbox 1404 708 1539 745; x_wconf 86' lang='lat' dir='ltr'>factus</span> <span class='ocrx_word' id='word_1_77' title='bbox 1566 714 1628 745; x_wconf 90' lang='lat' dir='ltr'>est</span> <span class='ocrx_word' id='word_1_78' title='bbox 1658 705 1875 756; x_wconf 82' lang='lat' dir='ltr'>presbyter</span> <span class='ocrx_word' id='word_1_79' title='bbox 1897 719 1981 743; x_wconf 89' lang='lat' dir='ltr'>car-</span> 
     </span>
     <span class='ocr_line' id='line_1_10' title="bbox 267 770 942 811; baseline -0.007 0"><span class='ocrx_word' id='word_1_80' title='bbox 267 773 411 811; x_wconf 89' lang='lat' dir='ltr'>dinalis</span> <span class='ocrx_word' id='word_1_81' title='bbox 434 772 547 810; x_wconf 85' lang='lat' dir='ltr'>tituli</span> <span class='ocrx_word' id='word_1_82' title='bbox 573 773 746 810; x_wconf 82' lang='lat' dir='ltr'>Sanctae</span> <span class='ocrx_word' id='word_1_83' title='bbox 770 770 942 807; x_wconf 87' lang='lat' dir='ltr'>Priscae.</span> 
     </span>
    </p>

    <p class='ocr_par' dir='ltr' id='par_1_5' title="bbox 238 823 1984 1403">
     <span class='ocr_line' id='line_1_11' title="bbox 318 823 1983 878; baseline -0.005 -9"><span class='ocrx_word' id='word_1_84' title='bbox 318 833 436 869; x_wconf 78' lang='lat' dir='ltr'>Anno</span> <span class='ocrx_word' id='word_1_85' title='bbox 464 830 681 877; x_wconf 81' lang='lat' dir='ltr'>MCCCXI,</span> <span class='ocrx_word' id='word_1_86' title='bbox 709 843 846 867; x_wconf 91' lang='lat' dir='ltr'>mense</span> <span class='ocrx_word' id='word_1_87' title='bbox 880 828 1010 878; x_wconf 85' lang='lat' dir='ltr'>junio,</span> <span class='ocrx_word' id='word_1_88' title='bbox 1040 827 1253 877; x_wconf 85' lang='lat' dir='ltr'>Philippus</span> <span class='ocrx_word' id='word_1_89' title='bbox 1285 826 1339 863; x_wconf 89' lang='lat' dir='ltr'>IV</span> <span class='ocrx_word' id='word_1_90' title='bbox 1365 840 1437 864; x_wconf 79' lang='lat' dir='ltr'>rex</span> <span class='ocrx_word' id='word_1_91' title='bbox 1473 825 1669 863; x_wconf 89' lang='lat' dir='ltr'>Franciae</span> <span class='ocrx_word' id='word_1_92' title='bbox 1709 825 1746 863; x_wconf 92' lang='lat' dir='ltr'>ei</span> <span class='ocrx_word' id='word_1_93' title='bbox 1781 823 1983 862; x_wconf 85' lang='lat' dir='ltr'>concessit</span> 
     </span>
     <span class='ocr_line' id='line_1_12' title="bbox 263 882 1983 941; baseline -0.005 -12"><span class='ocrx_word' id='word_1_94' title='bbox 263 900 310 929; x_wconf 87' lang='lat' dir='ltr'>ut</span> <span class='ocrx_word' id='word_1_95' title='bbox 334 890 633 941; x_wconf 75' lang='lat' dir='ltr'>quinquaginta</span> <span class='ocrx_word' id='word_1_96' title='bbox 656 889 780 926; x_wconf 88' lang='lat' dir='ltr'>libras</span> <span class='ocrx_word' id='word_1_97' title='bbox 802 896 1043 925; x_wconf 84' lang='lat' dir='ltr'>turonenses</span> <span class='ocrx_word' id='word_1_98' title='bbox 1058 886 1184 924; x_wconf 88' lang='lat' dir='ltr'>annui</span> <span class='ocrx_word' id='word_1_99' title='bbox 1206 894 1247 924; x_wconf 84' lang='lat' dir='ltr'>et</span> <span class='ocrx_word' id='word_1_100' title='bbox 1264 885 1453 936; x_wconf 88' lang='lat' dir='ltr'>perpetui</span> <span class='ocrx_word' id='word_1_101' title='bbox 1469 884 1654 922; x_wconf 89' lang='lat' dir='ltr'>redditus</span> <span class='ocrx_word' id='word_1_102' title='bbox 1671 883 1922 933; x_wconf 88' lang='lat' dir='ltr'>ubicumque</span> <span class='ocrx_word' id='word_1_103' title='bbox 1940 882 1983 920; x_wconf 89' lang='lat' dir='ltr'>in</span> 
     </span>
     <span class='ocr_line' id='line_1_13' title="bbox 238 942 1982 997; baseline -0.005 -8"><span class='ocrx_word' id='word_1_104' title='bbox 238 974 240 976; x_wconf 97' lang='lat'>·</span> <span class='ocrx_word' id='word_1_105' title='bbox 265 950 406 997; x_wconf 82' lang='lat' dir='ltr'>feodis,</span> <span class='ocrx_word' id='word_1_106' title='bbox 430 948 685 995; x_wconf 88' lang='lat' dir='ltr'>retrofeodis,</span> <span class='ocrx_word' id='word_1_107' title='bbox 711 947 897 994; x_wconf 79' lang='lat' dir='ltr'>censivis,</span> <span class='ocrx_word' id='word_1_108' title='bbox 921 947 986 985; x_wconf 88' lang='lat' dir='ltr'>vel</span> <span class='ocrx_word' id='word_1_109' title='bbox 1009 945 1168 983; x_wconf 90' lang='lat' dir='ltr'>allodiis</span> <span class='ocrx_word' id='word_1_110' title='bbox 1191 945 1310 995; x_wconf 90' lang='lat' dir='ltr'>regiis</span> <span class='ocrx_word' id='word_1_111' title='bbox 1334 959 1595 995; x_wconf 85' lang='lat' dir='ltr'>quocumque</span> <span class='ocrx_word' id='word_1_112' title='bbox 1626 943 1750 981; x_wconf 85' lang='lat' dir='ltr'>titulo</span> <span class='ocrx_word' id='word_1_113' title='bbox 1773 942 1982 992; x_wconf 87' lang='lat' dir='ltr'>acquirere</span> 
     </span>
     <span class='ocr_line' id='line_1_14' title="bbox 264 1001 1982 1058; baseline -0.005 -10"><span class='ocrx_word' id='word_1_114' title='bbox 264 1010 419 1048; x_wconf 90' lang='lat' dir='ltr'>valeret</span> <span class='ocrx_word' id='word_1_115' title='bbox 457 1022 605 1058; x_wconf 89' lang='lat' dir='ltr'>easque</span> <span class='ocrx_word' id='word_1_116' title='bbox 634 1007 676 1045; x_wconf 94' lang='lat' dir='ltr'>in</span> <span class='ocrx_word' id='word_1_117' title='bbox 705 1020 986 1057; x_wconf 82' lang='lat' dir='ltr'>quascumque</span> <span class='ocrx_word' id='word_1_118' title='bbox 1024 1019 1218 1056; x_wconf 87' lang='lat' dir='ltr'>personas</span> <span class='ocrx_word' id='word_1_119' title='bbox 1248 1003 1542 1042; x_wconf 89' lang='lat' dir='ltr'>ecclesiasticas</span> <span class='ocrx_word' id='word_1_120' title='bbox 1572 1003 1772 1041; x_wconf 88' lang='lat' dir='ltr'>seculares</span> <span class='ocrx_word' id='word_1_121' title='bbox 1801 1002 1866 1040; x_wconf 90' lang='lat' dir='ltr'>vel</span> <span class='ocrx_word' id='word_1_122' title='bbox 1893 1001 1982 1040; x_wconf 89' lang='lat' dir='ltr'>reli-</span> 
     </span>
     <span class='ocr_line' id='line_1_15' title="bbox 264 1061 1984 1119; baseline -0.005 -12"><span class='ocrx_word' id='word_1_123' title='bbox 264 1070 394 1119; x_wconf 84' lang='lat' dir='ltr'>giosas</span> <span class='ocrx_word' id='word_1_124' title='bbox 431 1076 504 1106; x_wconf 90' lang='lat' dir='ltr'>aut</span> <span class='ocrx_word' id='word_1_125' title='bbox 540 1066 754 1116; x_wconf 74' lang='lat' dir='ltr'>collegium</span> <span class='ocrx_word' id='word_1_126' title='bbox 789 1066 855 1103; x_wconf 89' lang='lat' dir='ltr'>vel</span> <span class='ocrx_word' id='word_1_127' title='bbox 889 1064 1206 1103; x_wconf 85' lang='lat' dir='ltr'>universitatem</span> <span class='ocrx_word' id='word_1_128' title='bbox 1241 1064 1463 1101; x_wconf 84' lang='lat' dir='ltr'>transferre</span> <span class='ocrx_word' id='word_1_129' title='bbox 1483 1064 1508 1101; x_wconf 81' lang='lat'>2.</span> <span class='ocrx_word' id='word_1_130' title='bbox 1548 1063 1732 1111; x_wconf 85' lang='lat' dir='ltr'>Quarum</span> <span class='ocrx_word' id='word_1_131' title='bbox 1769 1061 1984 1099; x_wconf 87' lang='lat' dir='ltr'>literarum</span> 
     </span>
     <span class='ocr_line' id='line_1_16' title="bbox 261 1120 1983 1176; baseline -0.004 -11"><span class='ocrx_word' id='word_1_132' title='bbox 261 1127 513 1166; x_wconf 84' lang='lat' dir='ltr'>auctoritate</span> <span class='ocrx_word' id='word_1_133' title='bbox 551 1127 637 1176; x_wconf 89' lang='lat' dir='ltr'>ipse</span> <span class='ocrx_word' id='word_1_134' title='bbox 676 1139 784 1163; x_wconf 90' lang='lat' dir='ltr'>anno</span> <span class='ocrx_word' id='word_1_135' title='bbox 822 1124 1025 1174; x_wconf 87' lang='lat' dir='ltr'>sequenti,</span> <span class='ocrx_word' id='word_1_136' title='bbox 1066 1123 1130 1162; x_wconf 88' lang='lat' dir='ltr'>die</span> <span class='ocrx_word' id='word_1_137' title='bbox 1168 1123 1348 1162; x_wconf 88' lang='lat' dir='ltr'>secunda</span> <span class='ocrx_word' id='word_1_138' title='bbox 1386 1122 1536 1160; x_wconf 87' lang='lat' dir='ltr'>mensis</span> <span class='ocrx_word' id='word_1_139' title='bbox 1573 1121 1693 1171; x_wconf 86' lang='lat' dir='ltr'>junii,</span> <span class='ocrx_word' id='word_1_140' title='bbox 1733 1120 1983 1159; x_wconf 86' lang='lat' dir='ltr'>monasterio</span> 
     </span>
     <span class='ocr_line' id='line_1_17' title="bbox 265 1179 1983 1236; baseline -0.005 -11"><span class='ocrx_word' id='word_1_141' title='bbox 265 1185 547 1236; x_wconf 88' lang='lat' dir='ltr'>Fontisfrigidi</span> <span class='ocrx_word' id='word_1_142' title='bbox 570 1185 685 1223; x_wconf 88' lang='lat' dir='ltr'>dedit</span> <span class='ocrx_word' id='word_1_143' title='bbox 717 1184 919 1234; x_wconf 90' lang='lat' dir='ltr'>quasdam</span> <span class='ocrx_word' id='word_1_144' title='bbox 949 1183 1223 1234; x_wconf 89' lang='lat' dir='ltr'>possessiones</span> <span class='ocrx_word' id='word_1_145' title='bbox 1247 1196 1348 1232; x_wconf 87' lang='lat' dir='ltr'>quas</span> <span class='ocrx_word' id='word_1_146' title='bbox 1375 1196 1501 1232; x_wconf 88' lang='lat' dir='ltr'>prope</span> <span class='ocrx_word' id='word_1_147' title='bbox 1523 1188 1810 1219; x_wconf 86' lang='lat' dir='ltr'>tenementum</span> <span class='ocrx_word' id='word_1_148' title='bbox 1832 1179 1983 1218; x_wconf 89' lang='lat' dir='ltr'>Montis</span> 
     </span>
     <span class='ocr_line' id='line_1_18' title="bbox 266 1239 1984 1295; baseline -0.003 -12"><span class='ocrx_word' id='word_1_149' title='bbox 266 1245 448 1284; x_wconf 87' lang='lat' dir='ltr'>Lauresii</span> <span class='ocrx_word' id='word_1_150' title='bbox 466 1245 586 1295; x_wconf 86' lang='lat' dir='ltr'>juxta</span> <span class='ocrx_word' id='word_1_151' title='bbox 610 1244 850 1282; x_wconf 86' lang='lat' dir='ltr'>Narbonam</span> <span class='ocrx_word' id='word_1_152' title='bbox 871 1243 1051 1281; x_wconf 85' lang='lat' dir='ltr'>Jacobus</span> <span class='ocrx_word' id='word_1_153' title='bbox 1072 1242 1201 1280; x_wconf 87' lang='lat' dir='ltr'>abbas</span> <span class='ocrx_word' id='word_1_154' title='bbox 1224 1241 1519 1291; x_wconf 86' lang='lat' dir='ltr'>Fontisfrigidi,</span> <span class='ocrx_word' id='word_1_155' title='bbox 1540 1241 1572 1278; x_wconf 91' lang='lat' dir='ltr'>is</span> <span class='ocrx_word' id='word_1_156' title='bbox 1595 1240 1674 1290; x_wconf 86' lang='lat' dir='ltr'>-qui</span> <span class='ocrx_word' id='word_1_157' title='bbox 1693 1247 1837 1290; x_wconf 87' lang='lat' dir='ltr'>postea</span> <span class='ocrx_word' id='word_1_158' title='bbox 1856 1239 1984 1277; x_wconf 89' lang='lat' dir='ltr'>Bene-</span> 
     </span>
     <span class='ocr_line' id='line_1_19' title="bbox 263 1299 1984 1355; baseline -0.003 -13"><span class='ocrx_word' id='word_1_159' title='bbox 263 1306 398 1343; x_wconf 87' lang='lat' dir='ltr'>dictus</span> <span class='ocrx_word' id='word_1_160' title='bbox 422 1318 530 1355; x_wconf 91' lang='lat' dir='ltr'>papa</span> <span class='ocrx_word' id='word_1_161' title='bbox 557 1304 642 1341; x_wconf 89' lang='lat' dir='ltr'>XII</span> <span class='ocrx_word' id='word_1_162' title='bbox 667 1303 800 1341; x_wconf 89' lang='lat' dir='ltr'>dictus</span> <span class='ocrx_word' id='word_1_163' title='bbox 824 1302 917 1350; x_wconf 87' lang='lat' dir='ltr'>fuit,</span> <span class='ocrx_word' id='word_1_164' title='bbox 942 1302 1106 1340; x_wconf 90' lang='lat' dir='ltr'>nomine</span> <span class='ocrx_word' id='word_1_165' title='bbox 1129 1301 1414 1352; x_wconf 87' lang='lat' dir='ltr'>procuratorio</span> <span class='ocrx_word' id='word_1_166' title='bbox 1436 1300 1563 1351; x_wconf 89' lang='lat' dir='ltr'>ipsius</span> <span class='ocrx_word' id='word_1_167' title='bbox 1588 1299 1759 1337; x_wconf 83' lang='lat' dir='ltr'>Arnaldi</span> <span class='ocrx_word' id='word_1_168' title='bbox 1783 1306 1940 1337; x_wconf 85' lang='lat' dir='ltr'>emerat</span> <span class='ocrx_word' id='word_1_169' title='bbox 1961 1312 1984 1336; x_wconf 90' lang='lat' dir='ltr'>a</span> 
     </span>
     <span class='ocr_line' id='line_1_20' title="bbox 262 1362 1952 1403; baseline -0.004 -1"><span class='ocrx_word' id='word_1_170' title='bbox 262 1364 390 1403; x_wconf 89' lang='lat' dir='ltr'>nobili</span> <span class='ocrx_word' id='word_1_171' title='bbox 412 1363 499 1401; x_wconf 91' lang='lat' dir='ltr'>viro</span> <span class='ocrx_word' id='word_1_172' title='bbox 522 1363 717 1401; x_wconf 86' lang='lat' dir='ltr'>Guiraldo</span> <span class='ocrx_word' id='word_1_173' title='bbox 739 1362 788 1401; x_wconf 90' lang='lat' dir='ltr'>de</span> <span class='ocrx_word' id='word_1_174' title='bbox 811 1362 930 1401; x_wconf 86' lang='lat' dir='ltr'>Rivo.</span> <span class='ocrx_word' id='word_1_175' title='bbox 1565 1373 1568 1374; x_wconf 51' lang='lat'><em>⁷</em></span> <span class='ocrx_word' id='word_1_176' title='bbox 1949 1367 1952 1372; x_wconf 88' lang='lat'>&#39;</span> 
     </span>
    </p>
   </div>
   <div class='ocr_carea' id='block_1_3' title="bbox 318 1413 2050 1469">
    <p class='ocr_par' dir='ltr' id='par_1_6' title="bbox 318 1413 2050 1469">
     <span class='ocr_line' id='line_1_21' title="bbox 318 1413 2050 1469; baseline -0.004 -8"><span class='ocrx_word' id='word_1_177' title='bbox 318 1423 437 1461; x_wconf 89' lang='lat' dir='ltr'>Anno</span> <span class='ocrx_word' id='word_1_178' title='bbox 474 1422 715 1468; x_wconf 85' lang='lat' dir='ltr'>MCCCXH,</span> <span class='ocrx_word' id='word_1_179' title='bbox 753 1435 835 1459; x_wconf 90' lang='lat' dir='ltr'>una</span> <span class='ocrx_word' id='word_1_180' title='bbox 872 1435 965 1459; x_wconf 90' lang='lat' dir='ltr'>cum</span> <span class='ocrx_word' id='word_1_181' title='bbox 1002 1420 1184 1458; x_wconf 87' lang='lat' dir='ltr'>Arnaldo</span> <span class='ocrx_word' id='word_1_182' title='bbox 1231 1419 1279 1458; x_wconf 89' lang='lat' dir='ltr'>de</span> <span class='ocrx_word' id='word_1_183' title='bbox 1316 1418 1451 1457; x_wconf 81' lang='lat' dir='ltr'>Auxio</span> <span class='ocrx_word' id='word_1_184' title='bbox 1506 1418 1696 1469; x_wconf 88' lang='lat' dir='ltr'>episcopo</span> <span class='ocrx_word' id='word_1_185' title='bbox 1735 1417 1985 1456; x_wconf 88' lang='lat' dir='ltr'>Pictaviensi</span> <span class='ocrx_word' id='word_1_186' title='bbox 2048 1413 2050 1415; x_wconf 40' lang='lat'>¹</span> 
     </span>
    </p>
   </div>
   <div class='ocr_carea' id='block_1_4' title="bbox 264 1476 1986 2420">
    <p class='ocr_par' dir='ltr' id='par_1_7' title="bbox 264 1476 1986 1946">
     <span class='ocr_line' id='line_1_22' title="bbox 265 1476 1984 1531; baseline -0.003 -11"><span class='ocrx_word' id='word_1_187' title='bbox 265 1483 411 1521; x_wconf 90' lang='lat' dir='ltr'>missus</span> <span class='ocrx_word' id='word_1_188' title='bbox 435 1490 496 1520; x_wconf 90' lang='lat' dir='ltr'>est</span> <span class='ocrx_word' id='word_1_189' title='bbox 517 1482 559 1520; x_wconf 89' lang='lat' dir='ltr'>in</span> <span class='ocrx_word' id='word_1_190' title='bbox 580 1481 771 1531; x_wconf 89' lang='lat' dir='ltr'>Angliam</span> <span class='ocrx_word' id='word_1_191' title='bbox 795 1491 809 1503; x_wconf 72' lang='lat'>0</span> <span class='ocrx_word' id='word_1_192' title='bbox 831 1480 883 1518; x_wconf 91' lang='lat' dir='ltr'>ad</span> <span class='ocrx_word' id='word_1_193' title='bbox 907 1479 1211 1530; x_wconf 90' lang='lat' dir='ltr'>componendos</span> <span class='ocrx_word' id='word_1_194' title='bbox 1230 1487 1367 1517; x_wconf 90' lang='lat' dir='ltr'>motus</span> <span class='ocrx_word' id='word_1_195' title='bbox 1389 1478 1496 1516; x_wconf 90' lang='lat' dir='ltr'>illius</span> <span class='ocrx_word' id='word_1_196' title='bbox 1511 1477 1768 1528; x_wconf 81' lang='lat' dir='ltr'>provinciae;</span> <span class='ocrx_word' id='word_1_197' title='bbox 1785 1476 1984 1515; x_wconf 82' lang='lat' dir='ltr'>Odoricus</span> 
     </span>
     <span class='ocr_line' id='line_1_23' title="bbox 267 1536 1986 1591; baseline -0.003 -12"><span class='ocrx_word' id='word_1_198' title='bbox 267 1542 522 1591; x_wconf 84' lang='lat' dir='ltr'>Raynaldus,</span> <span class='ocrx_word' id='word_1_199' title='bbox 547 1555 611 1579; x_wconf 91' lang='lat' dir='ltr'>an.</span> <span class='ocrx_word' id='word_1_200' title='bbox 640 1540 754 1588; x_wconf 88' lang='grc'>1312,</span> <span class='ocrx_word' id='word_1_201' title='bbox 785 1540 801 1589; x_wconf 64' lang='grc' dir='ltr'>ἓ</span> <span class='ocrx_word' id='word_1_202' title='bbox 826 1539 887 1587; x_wconf 89' lang='grc'>28,</span> <span class='ocrx_word' id='word_1_203' title='bbox 913 1546 954 1578; x_wconf 90' lang='lat' dir='ltr'>et</span> <span class='ocrx_word' id='word_1_204' title='bbox 976 1554 1041 1578; x_wconf 91' lang='lat' dir='ltr'>an.</span> <span class='ocrx_word' id='word_1_205' title='bbox 1069 1539 1183 1586; x_wconf 87' lang='grc'>1313,</span> <span class='ocrx_word' id='word_1_206' title='bbox 1214 1538 1231 1587; x_wconf 63' lang='grc' dir='ltr'><strong>ἓ</strong></span> <span class='ocrx_word' id='word_1_207' title='bbox 1254 1538 1290 1576; x_wconf 86' lang='grc'>8.</span> <span class='ocrx_word' id='word_1_208' title='bbox 1318 1538 1406 1586; x_wconf 87' lang='lat' dir='ltr'>Qua</span> <span class='ocrx_word' id='word_1_209' title='bbox 1430 1545 1681 1588; x_wconf 89' lang='lat' dir='ltr'>tempestate</span> <span class='ocrx_word' id='word_1_210' title='bbox 1706 1536 1920 1587; x_wconf 88' lang='lat' dir='ltr'>episcopus</span> <span class='ocrx_word' id='word_1_211' title='bbox 1944 1544 1986 1574; x_wconf 91' lang='lat' dir='ltr'>et</span> 
     </span>
     <span class='ocr_line' id='line_1_24' title="bbox 264 1595 1985 1649; baseline -0.003 -10"><span class='ocrx_word' id='word_1_212' title='bbox 264 1600 452 1639; x_wconf 83' lang='lat' dir='ltr'>canonici</span> <span class='ocrx_word' id='word_1_213' title='bbox 471 1600 782 1639; x_wconf 87' lang='lat' dir='ltr'>Bellovacenses</span> <span class='ocrx_word' id='word_1_214' title='bbox 805 1613 898 1637; x_wconf 89' lang='lat' dir='ltr'>eum</span> <span class='ocrx_word' id='word_1_215' title='bbox 920 1613 1128 1649; x_wconf 80' lang='lat' dir='ltr'>sumpsere</span> <span class='ocrx_word' id='word_1_216' title='bbox 1148 1598 1330 1647; x_wconf 86' lang='lat' dir='ltr'>judicem</span> <span class='ocrx_word' id='word_1_217' title='bbox 1351 1597 1400 1635; x_wconf 90' lang='lat' dir='ltr'>de</span> <span class='ocrx_word' id='word_1_218' title='bbox 1422 1596 1536 1647; x_wconf 84' lang='lat' dir='ltr'>gravi</span> <span class='ocrx_word' id='word_1_219' title='bbox 1558 1595 1837 1635; x_wconf 90' lang='lat' dir='ltr'>controversia</span> <span class='ocrx_word' id='word_1_220' title='bbox 1860 1609 1985 1645; x_wconf 88' lang='lat' dir='ltr'>quam</span> 
     </span>
     <span class='ocr_line' id='line_1_25' title="bbox 265 1655 1984 1709; baseline -0.003 -11"><span class='ocrx_word' id='word_1_221' title='bbox 265 1661 478 1699; x_wconf 88' lang='lat' dir='ltr'>habebant</span> <span class='ocrx_word' id='word_1_222' title='bbox 502 1660 609 1698; x_wconf 90' lang='lat' dir='ltr'>inter</span> <span class='ocrx_word' id='word_1_223' title='bbox 632 1674 685 1707; x_wconf 89' lang='lat' dir='ltr'>se,</span> <span class='ocrx_word' id='word_1_224' title='bbox 713 1673 838 1709; x_wconf 89' lang='lat' dir='ltr'>quam</span> <span class='ocrx_word' id='word_1_225' title='bbox 860 1659 892 1696; x_wconf 90' lang='lat' dir='ltr'>is</span> <span class='ocrx_word' id='word_1_226' title='bbox 916 1658 1079 1696; x_wconf 89' lang='lat' dir='ltr'>sedavit</span> <span class='ocrx_word' id='word_1_227' title='bbox 1098 1657 1253 1707; x_wconf 88' lang='lat' dir='ltr'>judicio</span> <span class='ocrx_word' id='word_1_228' title='bbox 1277 1657 1363 1695; x_wconf 90' lang='lat' dir='ltr'>lato</span> <span class='ocrx_word' id='word_1_229' title='bbox 1388 1656 1499 1707; x_wconf 91' lang='lat' dir='ltr'>apud</span> <span class='ocrx_word' id='word_1_230' title='bbox 1525 1655 1837 1694; x_wconf 88' lang='lat' dir='ltr'>Monsterolium</span> <span class='ocrx_word' id='word_1_231' title='bbox 1862 1668 1984 1705; x_wconf 86' lang='lat' dir='ltr'>supra</span> 
     </span>
     <span class='ocr_line' id='line_1_26' title="bbox 267 1713 1984 1768; baseline -0.002 -12"><span class='ocrx_word' id='word_1_232' title='bbox 267 1734 391 1767; x_wconf 86' lang='lat' dir='ltr'>mare,</span> <span class='ocrx_word' id='word_1_233' title='bbox 434 1718 722 1757; x_wconf 79' lang='lat' dir='ltr'>Ambianensis</span> <span class='ocrx_word' id='word_1_234' title='bbox 763 1717 971 1765; x_wconf 90' lang='lat' dir='ltr'>dioecesis,</span> <span class='ocrx_word' id='word_1_235' title='bbox 1012 1717 1147 1755; x_wconf 89' lang='lat' dir='ltr'>idibus</span> <span class='ocrx_word' id='word_1_236' title='bbox 1189 1716 1271 1768; x_wconf 83' lang='lat'>[13]</span> <span class='ocrx_word' id='word_1_237' title='bbox 1302 1715 1468 1766; x_wconf 83' lang='lat' dir='ltr'>augusti</span> <span class='ocrx_word' id='word_1_238' title='bbox 1510 1715 1696 1765; x_wconf 86' lang='lat' dir='ltr'>ejusdem</span> <span class='ocrx_word' id='word_1_239' title='bbox 1739 1714 1849 1753; x_wconf 89' lang='lat' dir='ltr'>anni.</span> <span class='ocrx_word' id='word_1_240' title='bbox 1882 1713 1984 1752; x_wconf 88' lang='lat' dir='ltr'>Vide</span> 
     </span>
     <span class='ocr_line' id='line_1_27' title="bbox 268 1773 1984 1826; baseline -0.003 -10"><span class='ocrx_word' id='word_1_241' title='bbox 268 1779 437 1817; x_wconf 89' lang='lat' dir='ltr'>Petrum</span> <span class='ocrx_word' id='word_1_242' title='bbox 456 1779 704 1825; x_wconf 90' lang='lat' dir='ltr'>Louvetum,</span> <span class='ocrx_word' id='word_1_243' title='bbox 722 1785 752 1816; x_wconf 92' lang='lat' dir='ltr'>t.</span> <span class='ocrx_word' id='word_1_244' title='bbox 772 1792 814 1824; x_wconf 92' lang='lat'>11,</span> <span class='ocrx_word' id='word_1_245' title='bbox 834 1776 941 1815; x_wconf 76' lang='lat' dir='ltr'>Hist.</span> <span class='ocrx_word' id='word_1_246' title='bbox 961 1776 1171 1823; x_wconf 63' lang='lat' dir='ltr'>Bellovac„</span> <span class='ocrx_word' id='word_1_247' title='bbox 1190 1791 1229 1826; x_wconf 92' lang='lat' dir='ltr'>p.</span> <span class='ocrx_word' id='word_1_248' title='bbox 1250 1775 1338 1814; x_wconf 84' lang='lat'>521.</span> <span class='ocrx_word' id='word_1_249' title='bbox 1366 1775 1575 1813; x_wconf 84' lang='lat' dir='ltr'>Reducem</span> <span class='ocrx_word' id='word_1_250' title='bbox 1604 1774 1727 1812; x_wconf 85' lang='lat' dir='ltr'>fuisse</span> <span class='ocrx_word' id='word_1_251' title='bbox 1746 1788 1797 1812; x_wconf 82' lang='lat' dir='ltr'>ex</span> <span class='ocrx_word' id='word_1_252' title='bbox 1814 1773 1984 1823; x_wconf 86' lang='lat' dir='ltr'>Anglica</span> 
     </span>
     <span class='ocr_line' id='line_1_28' title="bbox 266 1832 1985 1887; baseline -0.003 -11"><span class='ocrx_word' id='word_1_253' title='bbox 266 1838 469 1887; x_wconf 79' lang='lat' dir='ltr'>legatione</span> <span class='ocrx_word' id='word_1_254' title='bbox 513 1851 621 1875; x_wconf 91' lang='lat' dir='ltr'>anno</span> <span class='ocrx_word' id='word_1_255' title='bbox 658 1836 909 1875; x_wconf 82' lang='lat' dir='ltr'>MCCCXIH</span> <span class='ocrx_word' id='word_1_256' title='bbox 955 1844 1130 1874; x_wconf 81' lang='lat' dir='ltr'>exeunte</span> <span class='ocrx_word' id='word_1_257' title='bbox 1164 1835 1295 1885; x_wconf 90' lang='lat' dir='ltr'>liquet</span> <span class='ocrx_word' id='word_1_258' title='bbox 1330 1849 1380 1872; x_wconf 82' lang='lat' dir='ltr'>ex</span> <span class='ocrx_word' id='word_1_259' title='bbox 1414 1834 1475 1872; x_wconf 88' lang='lat' dir='ltr'>his</span> <span class='ocrx_word' id='word_1_260' title='bbox 1513 1848 1618 1884; x_wconf 91' lang='lat' dir='ltr'>quae</span> <span class='ocrx_word' id='word_1_261' title='bbox 1654 1833 1888 1872; x_wconf 87' lang='lat' dir='ltr'>referuntur</span> <span class='ocrx_word' id='word_1_262' title='bbox 1932 1832 1985 1871; x_wconf 87' lang='lat' dir='ltr'>ab</span> 
     </span>
     <span class='ocr_line' id='line_1_29' title="bbox 268 1894 1051 1946; baseline -0.003 -11"><span class='ocrx_word' id='word_1_263' title='bbox 268 1897 443 1935; x_wconf 88' lang='lat' dir='ltr'>Odorico</span> <span class='ocrx_word' id='word_1_264' title='bbox 470 1896 702 1946; x_wconf 83' lang='lat' dir='ltr'>Raynaldo‚</span> <span class='ocrx_word' id='word_1_265' title='bbox 722 1910 787 1934; x_wconf 88' lang='lat' dir='ltr'>an.</span> <span class='ocrx_word' id='word_1_266' title='bbox 811 1895 925 1943; x_wconf 84' lang='lat'>1313,</span> <span class='ocrx_word' id='word_1_267' title='bbox 953 1895 969 1944; x_wconf 62' lang='grc' dir='ltr'>ξ</span> <span class='ocrx_word' id='word_1_268' title='bbox 989 1894 1051 1933; x_wconf 86' lang='grc'>39.</span> 
     </span>
    </p>

    <p class='ocr_par' dir='ltr' id='par_1_8' title="bbox 266 1951 1986 2420">
     <span class='ocr_line' id='line_1_30' title="bbox 321 1951 1985 2002; baseline -0.003 -8"><span class='ocrx_word' id='word_1_269' title='bbox 321 1956 575 1994; x_wconf 88' lang='lat' dir='ltr'>Contelorius</span> <span class='ocrx_word' id='word_1_270' title='bbox 598 1955 658 1994; x_wconf 87' lang='lat' dir='ltr'>ait</span> <span class='ocrx_word' id='word_1_271' title='bbox 680 1970 774 1993; x_wconf 91' lang='lat' dir='ltr'>eum</span> <span class='ocrx_word' id='word_1_272' title='bbox 797 1955 944 1993; x_wconf 86' lang='lat' dir='ltr'>obiisse</span> <span class='ocrx_word' id='word_1_273' title='bbox 967 1968 1075 1992; x_wconf 87' lang='lat' dir='ltr'>anno</span> <span class='ocrx_word' id='word_1_274' title='bbox 1099 1953 1379 2000; x_wconf 87' lang='lat' dir='ltr'>MCCCXVII,</span> <span class='ocrx_word' id='word_1_275' title='bbox 1399 1952 1463 1991; x_wconf 89' lang='lat' dir='ltr'>die</span> <span class='ocrx_word' id='word_1_276' title='bbox 1481 1967 1553 1990; x_wconf 79' lang='lat' dir='ltr'>xlv</span> <span class='ocrx_word' id='word_1_277' title='bbox 1572 1951 1751 2002; x_wconf 83' lang='lat' dir='ltr'>augusti,</span> <span class='ocrx_word' id='word_1_278' title='bbox 1773 1952 1874 1990; x_wconf 91' lang='lat' dir='ltr'>hora</span> <span class='ocrx_word' id='word_1_279' title='bbox 1896 1966 1985 1990; x_wconf 89' lang='lat' dir='ltr'>ves-</span> 
     </span>
     <span class='ocr_line' id='line_1_31' title="bbox 266 2010 1986 2065; baseline -0.003 -12"><span class='ocrx_word' id='word_1_280' title='bbox 266 2015 443 2065; x_wconf 88' lang='lat' dir='ltr'>pertina,</span> <span class='ocrx_word' id='word_1_281' title='bbox 468 2015 591 2065; x_wconf 87' lang='lat' dir='ltr'>idque</span> <span class='ocrx_word' id='word_1_282' title='bbox 618 2029 657 2053; x_wconf 88' lang='lat' dir='ltr'>se</span> <span class='ocrx_word' id='word_1_283' title='bbox 683 2014 886 2064; x_wconf 89' lang='lat' dir='ltr'>accepisse</span> <span class='ocrx_word' id='word_1_284' title='bbox 913 2028 963 2052; x_wconf 85' lang='lat' dir='ltr'>ex</span> <span class='ocrx_word' id='word_1_285' title='bbox 986 2013 1108 2051; x_wconf 79' lang='lat' dir='ltr'>Libro</span> <span class='ocrx_word' id='word_1_286' title='bbox 1133 2012 1435 2062; x_wconf 72' lang='lat' dir='ltr'>obligationum.</span> <span class='ocrx_word' id='word_1_287' title='bbox 1462 2012 1647 2049; x_wconf 85' lang='lat' dir='ltr'>Andreas</span> <span class='ocrx_word' id='word_1_288' title='bbox 1674 2011 1918 2050; x_wconf 89' lang='lat' dir='ltr'>Victorellus</span> <span class='ocrx_word' id='word_1_289' title='bbox 1943 2010 1986 2048; x_wconf 89' lang='lat' dir='ltr'>in</span> 
     </span>
     <span class='ocr_line' id='line_1_32' title="bbox 267 2071 1985 2123; baseline -0.002 -12"><span class='ocrx_word' id='word_1_290' title='bbox 267 2074 556 2112; x_wconf 71' lang='lat' dir='ltr'>Aclditionibus</span> <span class='ocrx_word' id='word_1_291' title='bbox 578 2074 629 2111; x_wconf 82' lang='lat' dir='ltr'>ad</span> <span class='ocrx_word' id='word_1_292' title='bbox 649 2073 901 2120; x_wconf 72' lang='lat' dir='ltr'>Ciaconium,</span> <span class='ocrx_word' id='word_1_293' title='bbox 926 2088 965 2123; x_wconf 89' lang='lat' dir='ltr'>p.</span> <span class='ocrx_word' id='word_1_294' title='bbox 990 2072 1079 2120; x_wconf 83' lang='lat'>382,</span> <span class='ocrx_word' id='word_1_295' title='bbox 1102 2072 1215 2110; x_wconf 89' lang='lat' dir='ltr'>istud</span> <span class='ocrx_word' id='word_1_296' title='bbox 1250 2073 1385 2122; x_wconf 88' lang='lat' dir='ltr'>ipsum</span> <span class='ocrx_word' id='word_1_297' title='bbox 1406 2079 1530 2109; x_wconf 90' lang='lat' dir='ltr'>antea</span> <span class='ocrx_word' id='word_1_298' title='bbox 1552 2071 1749 2109; x_wconf 84' lang='lat' dir='ltr'>docuerat</span> <span class='ocrx_word' id='word_1_299' title='bbox 1770 2085 1822 2108; x_wconf 82' lang='lat' dir='ltr'>ex</span> <span class='ocrx_word' id='word_1_300' title='bbox 1841 2084 1985 2108; x_wconf 90' lang='lat' dir='ltr'>monu-</span> 
     </span>
     <span class='ocr_line' id='line_1_33' title="bbox 269 2129 1985 2182; baseline -0.002 -12"><span class='ocrx_word' id='word_1_301' title='bbox 269 2133 417 2171; x_wconf 87' lang='lat' dir='ltr'>mentis</span> <span class='ocrx_word' id='word_1_302' title='bbox 443 2133 798 2171; x_wconf 86' lang='lat' dir='ltr'>Avenionensibus</span> <span class='ocrx_word' id='word_1_303' title='bbox 823 2147 918 2171; x_wconf 87' lang='lat' dir='ltr'>mss.</span> <span class='ocrx_word' id='word_1_304' title='bbox 945 2147 967 2170; x_wconf 94' lang='lat' dir='ltr'>a</span> <span class='ocrx_word' id='word_1_305' title='bbox 994 2132 1174 2182; x_wconf 86' lang='lat' dir='ltr'>Josepho</span> <span class='ocrx_word' id='word_1_306' title='bbox 1200 2131 1329 2170; x_wconf 90' lang='lat' dir='ltr'>Maria</span> <span class='ocrx_word' id='word_1_307' title='bbox 1354 2130 1555 2178; x_wconf 84' lang='lat' dir='ltr'>Suaresio,</span> <span class='ocrx_word' id='word_1_308' title='bbox 1582 2130 1652 2180; x_wconf 85' lang='lat' dir='ltr'>qui</span> <span class='ocrx_word' id='word_1_309' title='bbox 1674 2137 1820 2180; x_wconf 90' lang='lat' dir='ltr'>postea</span> <span class='ocrx_word' id='word_1_310' title='bbox 1844 2129 1985 2168; x_wconf 88' lang='lat' dir='ltr'>Vasio-</span> 
     </span>
     <span class='ocr_line' id='line_1_34' title="bbox 271 2188 1985 2242; baseline -0.002 -13"><span class='ocrx_word' id='word_1_311' title='bbox 271 2193 404 2230; x_wconf 87' lang='lat' dir='ltr'>nensis</span> <span class='ocrx_word' id='word_1_312' title='bbox 432 2193 645 2242; x_wconf 86' lang='lat' dir='ltr'>episcopus</span> <span class='ocrx_word' id='word_1_313' title='bbox 673 2192 765 2240; x_wconf 85' lang='lat' dir='ltr'>fuit,</span> <span class='ocrx_word' id='word_1_314' title='bbox 795 2191 871 2230; x_wconf 89' lang='lat' dir='ltr'>sibi</span> <span class='ocrx_word' id='word_1_315' title='bbox 898 2191 1082 2238; x_wconf 79' lang='lat' dir='ltr'>traditis3</span> <span class='ocrx_word' id='word_1_316' title='bbox 1110 2190 1310 2240; x_wconf 89' lang='lat' dir='ltr'>additque</span> <span class='ocrx_word' id='word_1_317' title='bbox 1339 2190 1515 2228; x_wconf 86' lang='lat' dir='ltr'>cadaver</span> <span class='ocrx_word' id='word_1_318' title='bbox 1541 2189 1647 2227; x_wconf 88' lang='lat' dir='ltr'>illius</span> <span class='ocrx_word' id='word_1_319' title='bbox 1675 2188 1873 2239; x_wconf 86' lang='lat' dir='ltr'>postridie</span> <span class='ocrx_word' id='word_1_320' title='bbox 1899 2188 1985 2227; x_wconf 90' lang='lat' dir='ltr'>illa-</span> 
     </span>
     <span class='ocr_line' id='line_1_35' title="bbox 268 2248 1986 2300; baseline -0.002 -12"><span class='ocrx_word' id='word_1_321' title='bbox 268 2260 359 2288; x_wconf 81' lang='lat' dir='ltr'>tum</span> <span class='ocrx_word' id='word_1_322' title='bbox 381 2251 503 2289; x_wconf 84' lang='lat' dir='ltr'>fuisse</span> <span class='ocrx_word' id='word_1_323' title='bbox 524 2252 566 2288; x_wconf 91' lang='lat' dir='ltr'>in</span> <span class='ocrx_word' id='word_1_324' title='bbox 587 2252 807 2289; x_wconf 90' lang='lat' dir='ltr'>tumulum.</span> <span class='ocrx_word' id='word_1_325' title='bbox 832 2251 910 2289; x_wconf 82' lang='lat' dir='ltr'>Sed</span> <span class='ocrx_word' id='word_1_326' title='bbox 944 2251 1006 2288; x_wconf 90' lang='lat' dir='ltr'>vir</span> <span class='ocrx_word' id='word_1_327' title='bbox 1028 2249 1362 2300; x_wconf 89' lang='lat' dir='ltr'>diligentissimus</span> <span class='ocrx_word' id='word_1_328' title='bbox 1395 2251 1568 2288; x_wconf 90' lang='lat' dir='ltr'>domnus</span> <span class='ocrx_word' id='word_1_329' title='bbox 1591 2248 1784 2286; x_wconf 91' lang='lat' dir='ltr'>Claudius</span> <span class='ocrx_word' id='word_1_330' title='bbox 1813 2248 1986 2298; x_wconf 86' lang='lat' dir='ltr'>Stepha-</span> 
     </span>
     <span class='ocr_line' id='line_1_36' title="bbox 271 2307 1985 2358; baseline -0.001 -12"><span class='ocrx_word' id='word_1_331' title='bbox 271 2311 421 2358; x_wconf 87' lang='lat' dir='ltr'>notius,</span> <span class='ocrx_word' id='word_1_332' title='bbox 452 2311 677 2348; x_wconf 90' lang='lat' dir='ltr'>monachus</span> <span class='ocrx_word' id='word_1_333' title='bbox 707 2310 1006 2357; x_wconf 85' lang='lat' dir='ltr'>benedictinus,</span> <span class='ocrx_word' id='word_1_334' title='bbox 1037 2309 1259 2347; x_wconf 88' lang='lat' dir='ltr'>adnotavit</span> <span class='ocrx_word' id='word_1_335' title='bbox 1286 2309 1328 2346; x_wconf 93' lang='lat' dir='ltr'>in</span> <span class='ocrx_word' id='word_1_336' title='bbox 1358 2308 1438 2346; x_wconf 89' lang='lat' dir='ltr'>suis</span> <span class='ocrx_word' id='word_1_337' title='bbox 1469 2308 1727 2346; x_wconf 88' lang='lat' dir='ltr'>collectaneis</span> <span class='ocrx_word' id='word_1_338' title='bbox 1756 2307 1872 2345; x_wconf 86' lang='lat' dir='ltr'>illum</span> <span class='ocrx_word' id='word_1_339' title='bbox 1901 2321 1985 2345; x_wconf 88' lang='lat' dir='ltr'>esse</span> 
     </span>
     <span class='ocr_line' id='line_1_37' title="bbox 273 2366 1805 2420; baseline -0.002 -13"><span class='ocrx_word' id='word_1_340' title='bbox 273 2370 478 2419; x_wconf 86' lang='lat' dir='ltr'>sepultum</span> <span class='ocrx_word' id='word_1_341' title='bbox 502 2370 543 2407; x_wconf 92' lang='lat' dir='ltr'>in</span> <span class='ocrx_word' id='word_1_342' title='bbox 568 2370 833 2420; x_wconf 88' lang='lat' dir='ltr'>suppedaneo</span> <span class='ocrx_word' id='word_1_343' title='bbox 857 2369 1024 2419; x_wconf 88' lang='lat' dir='ltr'>majoris</span> <span class='ocrx_word' id='word_1_344' title='bbox 1049 2368 1190 2406; x_wconf 86' lang='lat' dir='ltr'>altaris</span> <span class='ocrx_word' id='word_1_345' title='bbox 1214 2367 1454 2406; x_wconf 89' lang='lat' dir='ltr'>monasterii</span> <span class='ocrx_word' id='word_1_346' title='bbox 1479 2366 1760 2417; x_wconf 84' lang='lat' dir='ltr'>Fontisfrigidi</span> <span class='ocrx_word' id='word_1_347' title='bbox 1779 2368 1805 2405; x_wconf 76' lang='lat'>4.</span> 
     </span>
    </p>
   </div>
   <div class='ocr_carea' id='block_1_5' title="bbox 275 2518 1987 3141">
    <p class='ocr_par' dir='ltr' id='par_1_9' title="bbox 324 2518 1499 2562">
     <span class='ocr_line' id='line_1_38' title="bbox 324 2518 1499 2562; baseline -0.001 -11"><span class='ocrx_word' id='word_1_348' title='bbox 324 2520 354 2551; x_wconf 82' lang='lat' dir='ltr'>l.</span> <span class='ocrx_word' id='word_1_349' title='bbox 386 2519 544 2551; x_wconf 62' lang='lat' dir='ltr'>Clemenl</span> <span class='ocrx_word' id='word_1_350' title='bbox 570 2520 611 2558; x_wconf 79' lang='lat' dir='ltr'>V,</span> <span class='ocrx_word' id='word_1_351' title='bbox 638 2531 670 2552; x_wconf 89' lang='lat' dir='ltr'>n.</span> <span class='ocrx_word' id='word_1_352' title='bbox 697 2520 806 2552; x_wconf 80' lang='lat'>5366:</span> <span class='ocrx_word' id='word_1_353' title='bbox 832 2519 912 2552; x_wconf 84' lang='lat' dir='ltr'>voir</span> <span class='ocrx_word' id='word_1_354' title='bbox 934 2519 1032 2552; x_wconf 88' lang='lat' dir='ltr'>aussi</span> <span class='ocrx_word' id='word_1_355' title='bbox 1055 2519 1205 2558; x_wconf 85' lang='lat' dir='ltr'>Baluze,</span> <span class='ocrx_word' id='word_1_356' title='bbox 1232 2524 1258 2551; x_wconf 85' lang='lat' dir='ltr'>t.</span> <span class='ocrx_word' id='word_1_357' title='bbox 1283 2531 1334 2558; x_wconf 83' lang='lat'>111,</span> <span class='ocrx_word' id='word_1_358' title='bbox 1359 2530 1393 2562; x_wconf 90' lang='lat' dir='ltr'>p.</span> <span class='ocrx_word' id='word_1_359' title='bbox 1419 2518 1499 2550; x_wconf 81' lang='lat'>140.</span> 
     </span>
    </p>

    <p class='ocr_par' dir='ltr' id='par_1_10' title="bbox 280 2570 1984 2659">
     <span class='ocr_line' id='line_1_39' title="bbox 326 2570 1984 2616; baseline 0.001 -13"><span class='ocrx_word' id='word_1_360' title='bbox 326 2575 354 2604; x_wconf 71' lang='lat'>2.</span> <span class='ocrx_word' id='word_1_361' title='bbox 387 2573 533 2608; x_wconf 78' lang='lat' dir='ltr'>h&#39;aluzc.</span> <span class='ocrx_word' id='word_1_362' title='bbox 552 2579 576 2604; x_wconf 78' lang='lat' dir='ltr'>t.</span> <span class='ocrx_word' id='word_1_363' title='bbox 593 2584 644 2612; x_wconf 89' lang='lat'>111,</span> <span class='ocrx_word' id='word_1_364' title='bbox 663 2584 696 2616; x_wconf 93' lang='lat' dir='ltr'>p.</span> <span class='ocrx_word' id='word_1_365' title='bbox 717 2573 802 2612; x_wconf 66' lang='lat'>2273</span> <span class='ocrx_word' id='word_1_366' title='bbox 819 2573 850 2605; x_wconf 85' lang='lat' dir='ltr'>le</span> <span class='ocrx_word' id='word_1_367' title='bbox 866 2574 986 2605; x_wconf 73' lang='lat' dir='ltr'>meme</span> <span class='ocrx_word' id='word_1_368' title='bbox 1003 2573 1180 2616; x_wconf 79' lang='lat' dir='ltr'>privilege</span> <span class='ocrx_word' id='word_1_369' title='bbox 1196 2572 1255 2604; x_wconf 77' lang='lat' dir='ltr'>fut</span> <span class='ocrx_word' id='word_1_370' title='bbox 1270 2572 1471 2604; x_wconf 78' lang='lat' dir='ltr'>renouvele</span> <span class='ocrx_word' id='word_1_371' title='bbox 1487 2583 1532 2604; x_wconf 88' lang='lat' dir='ltr'>en</span> <span class='ocrx_word' id='word_1_372' title='bbox 1546 2571 1694 2614; x_wconf 84' lang='lat' dir='ltr'>janvier</span> <span class='ocrx_word' id='word_1_373' title='bbox 1710 2571 1803 2604; x_wconf 79' lang='lat'>1314</span> <span class='ocrx_word' id='word_1_374' title='bbox 1823 2570 1984 2614; x_wconf 85' lang='lat' dir='ltr'>(Baluze,</span> 
     </span>
     <span class='ocr_line' id='line_1_40' title="bbox 280 2626 544 2659; baseline 0.004 -3"><span class='ocrx_word' id='word_1_375' title='bbox 280 2632 302 2657; x_wconf 82' lang='grc'>1.</span> <span class='ocrx_word' id='word_1_376' title='bbox 324 2638 371 2659; x_wconf 81' lang='lat'><em>111.</em></span> <span class='ocrx_word' id='word_1_377' title='bbox 408 2639 427 2657; x_wconf 85' lang='lat'>).</span> <span class='ocrx_word' id='word_1_378' title='bbox 451 2626 544 2657; x_wconf 69' lang='grc'>233.</span> 
     </span>
    </p>

    <p class='ocr_par' dir='ltr' id='par_1_11' title="bbox 277 2628 1985 2763">
     <span class='ocr_line' id='line_1_41' title="bbox 323 2628 1985 2721; baseline 0 -11"><span class='ocrx_word' id='word_1_379' title='bbox 323 2682 354 2710; x_wconf 77' lang='grc'>3.</span> <span class='ocrx_word' id='word_1_380' title='bbox 387 2637 434 2709; x_wconf 59' lang='lat' dir='ltr'>Ilm</span> <span class='ocrx_word' id='word_1_381' title='bbox 458 2679 495 2709; x_wconf 72' lang='grc'>14</span> <span class='ocrx_word' id='word_1_382' title='bbox 515 2628 587 2710; x_wconf 74' lang='lat' dir='ltr'>ilnai</span> <span class='ocrx_word' id='word_1_383' title='bbox 606 2679 698 2711; x_wconf 81' lang='lat'>1312</span> <span class='ocrx_word' id='word_1_384' title='bbox 719 2678 892 2721; x_wconf 77' lang='lat' dir='ltr'>(Cle&#39;menl</span> <span class='ocrx_word' id='word_1_385' title='bbox 913 2679 954 2718; x_wconf 67' lang='grc' dir='ltr'>Γ,</span> <span class='ocrx_word' id='word_1_386' title='bbox 973 2691 1007 2712; x_wconf 88' lang='lat' dir='ltr'>n.</span> <span class='ocrx_word' id='word_1_387' title='bbox 1028 2680 1132 2718; x_wconf 81' lang='lat'>8786,</span> <span class='ocrx_word' id='word_1_388' title='bbox 1152 2679 1257 2718; x_wconf 83' lang='lat'>8788,</span> <span class='ocrx_word' id='word_1_389' title='bbox 1277 2679 1381 2717; x_wconf 83' lang='lat'>8825,</span> <span class='ocrx_word' id='word_1_390' title='bbox 1401 2679 1506 2717; x_wconf 87' lang='grc'>8836,</span> <span class='ocrx_word' id='word_1_391' title='bbox 1526 2678 1745 2716; x_wconf 83' lang='lat'>8869—8871,</span> <span class='ocrx_word' id='word_1_392' title='bbox 1765 2677 1985 2717; x_wconf 88' lang='lat'>8875-8877‚</span> 
     </span>
     <span class='ocr_line' id='line_1_42' title="bbox 277 2731 519 2763; baseline 0.004 -1"><span class='ocrx_word' id='word_1_393' title='bbox 277 2731 380 2762; x_wconf 72' lang='lat'>9911.</span> <span class='ocrx_word' id='word_1_394' title='bbox 400 2732 519 2763; x_wconf 71' lang='lat'>9912.</span> 
     </span>
    </p>

    <p class='ocr_par' dir='ltr' id='par_1_12' title="bbox 275 2736 1987 3141">
     <span class='ocr_line' id='line_1_43' title="bbox 324 2736 1987 2828; baseline 0.001 -14"><span class='ocrx_word' id='word_1_395' title='bbox 324 2785 354 2815; x_wconf 68' lang='lat' dir='ltr'>vG.</span> <span class='ocrx_word' id='word_1_396' title='bbox 378 2784 399 2813; x_wconf 61' lang='grc' dir='ltr'>,Χ</span> <span class='ocrx_word' id='word_1_397' title='bbox 422 2784 452 2815; x_wconf 70' lang='lat' dir='ltr'>la</span> <span class='ocrx_word' id='word_1_398' title='bbox 473 2736 772 2827; x_wconf 66' lang='lat' dir='ltr'>biographicque</span> <span class='ocrx_word' id='word_1_399' title='bbox 791 2785 855 2827; x_wconf 85' lang='lat' dir='ltr'>j’ai</span> <span class='ocrx_word' id='word_1_400' title='bbox 870 2785 1016 2828; x_wconf 84' lang='lat' dir='ltr'>publiee</span> <span class='ocrx_word' id='word_1_401' title='bbox 1036 2786 1127 2817; x_wconf 90' lang='lat' dir='ltr'>dans</span> <span class='ocrx_word' id='word_1_402' title='bbox 1146 2785 1177 2817; x_wconf 78' lang='lat' dir='ltr'>le</span> <span class='ocrx_word' id='word_1_403' title='bbox 1193 2785 1449 2818; x_wconf 75' lang='lat' dir='ltr'>Dictionnaire</span> <span class='ocrx_word' id='word_1_404' title='bbox 1467 2784 1651 2817; x_wconf 73' lang='lat' dir='ltr'>d’histoire</span> <span class='ocrx_word' id='word_1_405' title='bbox 1668 2789 1698 2816; x_wconf 77' lang='lat' dir='ltr'>et</span> <span class='ocrx_word' id='word_1_406' title='bbox 1715 2784 1756 2816; x_wconf 82' lang='lat' dir='ltr'>de</span> <span class='ocrx_word' id='word_1_407' title='bbox 1771 2783 1987 2827; x_wconf 69' lang='lat' dir='ltr'>geographie</span> 
     </span>
     <span class='ocr_line' id='line_1_44' title="bbox 275 2837 1985 2881; baseline 0.001 -14"><span class='ocrx_word' id='word_1_408' title='bbox 275 2838 566 2879; x_wconf 50' lang='lat' dir='ltr'>ecclesias&gt;liq1tes3</span> <span class='ocrx_word' id='word_1_409' title='bbox 591 2844 615 2869; x_wconf 89' lang='grc'>1.</span> <span class='ocrx_word' id='word_1_410' title='bbox 640 2849 689 2877; x_wconf 80' lang='lat' dir='ltr'>iv,</span> <span class='ocrx_word' id='word_1_411' title='bbox 714 2838 781 2870; x_wconf 71' lang='lat' dir='ltr'>col.</span> <span class='ocrx_word' id='word_1_412' title='bbox 806 2839 976 2878; x_wconf 71' lang='grc'>432-434,</span> <span class='ocrx_word' id='word_1_413' title='bbox 1000 2838 1023 2870; x_wconf 92' lang='lat' dir='ltr'>il</span> <span class='ocrx_word' id='word_1_414' title='bbox 1047 2838 1225 2870; x_wconf 87' lang='lat' dir='ltr'>convient</span> <span class='ocrx_word' id='word_1_415' title='bbox 1248 2838 1437 2881; x_wconf 75' lang='lat' dir='ltr'>d⁷ajouter</span> <span class='ocrx_word' id='word_1_416' title='bbox 1459 2838 1638 2881; x_wconf 89' lang='lat' dir='ltr'>quelques</span> <span class='ocrx_word' id='word_1_417' title='bbox 1662 2837 1807 2870; x_wconf 80' lang='lat' dir='ltr'>details.</span> <span class='ocrx_word' id='word_1_418' title='bbox 1833 2837 1985 2869; x_wconf 78' lang='lat' dir='ltr'>L&#39;ordre</span> 
     </span>
     <span class='ocr_line' id='line_1_45' title="bbox 277 2889 1987 2933; baseline 0.002 -14"><span class='ocrx_word' id='word_1_419' title='bbox 277 2889 467 2920; x_wconf 49' lang='lat' dir='ltr'>visu—rvivn</span> <span class='ocrx_word' id='word_1_420' title='bbox 491 2890 627 2921; x_wconf 55' lang='lat' dir='ltr'>servuli</span> <span class='ocrx_word' id='word_1_421' title='bbox 654 2902 723 2921; x_wconf 71' lang='lat' dir='ltr'>unc</span> <span class='ocrx_word' id='word_1_422' title='bbox 748 2891 904 2933; x_wconf 84' lang='lat' dir='ltr'>pcnsion</span> <span class='ocrx_word' id='word_1_423' title='bbox 927 2903 973 2923; x_wconf 88' lang='lat' dir='ltr'>au</span> <span class='ocrx_word' id='word_1_424' title='bbox 997 2890 1162 2923; x_wconf 83' lang='lat' dir='ltr'>cardinal</span> <span class='ocrx_word' id='word_1_425' title='bbox 1191 2890 1238 2933; x_wconf 86' lang='lat' dir='ltr'>(J.</span> <span class='ocrx_word' id='word_1_426' title='bbox 1264 2891 1434 2930; x_wconf 70' lang='lat' dir='ltr'>Loscrth,</span> <span class='ocrx_word' id='word_1_427' title='bbox 1458 2891 1541 2923; x_wconf 80' lang='lat' dir='ltr'>Aus</span> <span class='ocrx_word' id='word_1_428' title='bbox 1573 2891 1641 2923; x_wconf 79' lang='lat' dir='ltr'>den</span> <span class='ocrx_word' id='word_1_429' title='bbox 1661 2890 1828 2922; x_wconf 79' lang='lat' dir='ltr'>Annales</span> <span class='ocrx_word' id='word_1_430' title='bbox 1845 2895 1876 2922; x_wconf 80' lang='lat' dir='ltr'>et</span> <span class='ocrx_word' id='word_1_431' title='bbox 1896 2889 1987 2932; x_wconf 81' lang='lat' dir='ltr'>diffi-</span> 
     </span>
     <span class='ocr_line' id='line_1_46' title="bbox 278 2942 1986 2985; baseline 0.001 -12"><span class='ocrx_word' id='word_1_432' title='bbox 278 2943 432 2973; x_wconf 59' lang='lat' dir='ltr'>m&#39;limws</span> <span class='ocrx_word' id='word_1_433' title='bbox 453 2944 511 2974; x_wconf 67' lang='lat' dir='ltr'>«let-</span> <span class='ocrx_word' id='word_1_434' title='bbox 536 2944 844 2985; x_wconf 66' lang='lat' dir='ltr'>(ianrrallsapitels</span> <span class='ocrx_word' id='word_1_435' title='bbox 864 2945 923 2976; x_wconf 63' lang='lat' dir='ltr'>cler</span> <span class='ocrx_word' id='word_1_436' title='bbox 941 2945 1198 2977; x_wconf 71' lang='lat' dir='ltr'>Zistercienser</span> <span class='ocrx_word' id='word_1_437' title='bbox 1219 2945 1257 2977; x_wconf 76' lang='grc' dir='ltr'>ιῖη</span> <span class='ocrx_word' id='word_1_438' title='bbox 1273 2945 1332 2977; x_wconf 82' lang='lat' dir='ltr'>der</span> <span class='ocrx_word' id='word_1_439' title='bbox 1350 2944 1492 2976; x_wconf 72' lang='lat' dir='ltr'>Jalzren</span> <span class='ocrx_word' id='word_1_440' title='bbox 1510 2944 1729 2981; x_wconf 81' lang='lat'>1290-1330,</span> <span class='ocrx_word' id='word_1_441' title='bbox 1752 2943 1843 2976; x_wconf 89' lang='lat' dir='ltr'>dans</span> <span class='ocrx_word' id='word_1_442' title='bbox 1864 2942 1986 2975; x_wconf 80' lang='lat' dir='ltr'>Neues</span> 
     </span>
     <span class='ocr_line' id='line_1_47' title="bbox 279 2995 1987 3040; baseline 0.003 -16"><span class='ocrx_word' id='word_1_443' title='bbox 279 2995 420 3027; x_wconf 51' lang='lat' dir='ltr'>Ars-lma</span> <span class='ocrx_word' id='word_1_444' title='bbox 443 3002 463 3027; x_wconf 81' lang='grc'>1.</span> <span class='ocrx_word' id='word_1_445' title='bbox 485 3008 557 3031; x_wconf 71' lang='lat' dir='ltr'>xm,</span> <span class='ocrx_word' id='word_1_446' title='bbox 581 2997 679 3031; x_wconf 63' lang='lat'>1017,</span> <span class='ocrx_word' id='word_1_447' title='bbox 698 3008 731 3038; x_wconf 83' lang='lat' dir='ltr'>p.</span> <span class='ocrx_word' id='word_1_448' title='bbox 750 2998 817 3029; x_wconf 73' lang='lat'>626</span> <span class='ocrx_word' id='word_1_449' title='bbox 833 3003 867 3028; x_wconf 73' lang='lat' dir='ltr'>cl</span> <span class='ocrx_word' id='word_1_450' title='bbox 891 2998 986 3040; x_wconf 73' lang='lat'>627).</span> <span class='ocrx_word' id='word_1_451' title='bbox 1013 2997 1083 3029; x_wconf 87' lang='lat' dir='ltr'>Sur</span> <span class='ocrx_word' id='word_1_452' title='bbox 1098 2997 1265 3036; x_wconf 81' lang='lat' dir='ltr'>Arnaud,</span> <span class='ocrx_word' id='word_1_453' title='bbox 1290 2997 1371 3029; x_wconf 81' lang='lat' dir='ltr'>voir</span> <span class='ocrx_word' id='word_1_454' title='bbox 1395 2997 1494 3029; x_wconf 87' lang='lat' dir='ltr'>aussi</span> <span class='ocrx_word' id='word_1_455' title='bbox 1511 2997 1639 3036; x_wconf 84' lang='lat' dir='ltr'>Finke,</span> <span class='ocrx_word' id='word_1_456' title='bbox 1664 2996 1758 3028; x_wconf 79' lang='lat' dir='ltr'>Acta</span> <span class='ocrx_word' id='word_1_457' title='bbox 1771 2995 1987 3039; x_wconf 82' lang='lat' dir='ltr'>Aragonen-</span> 
     </span>
     <span class='ocr_line' id='line_1_48' title="bbox 276 3049 1986 3090; baseline 0.002 -12"><span class='ocrx_word' id='word_1_458' title='bbox 276 3060 343 3081; x_wconf 59' lang='grc' dir='ltr'>κω,</span> <span class='ocrx_word' id='word_1_459' title='bbox 369 3055 390 3079; x_wconf 74' lang='grc' dir='ltr'>ι.</span> <span class='ocrx_word' id='word_1_460' title='bbox 413 3061 431 3080; x_wconf 76' lang='grc' dir='ltr'>ι.</span> <span class='ocrx_word' id='word_1_461' title='bbox 456 3060 486 3089; x_wconf 64' lang='grc' dir='ltr'>ρ.</span> <span class='ocrx_word' id='word_1_462' title='bbox 510 3050 587 3081; x_wconf 59' lang='grc'>2110,</span> <span class='ocrx_word' id='word_1_463' title='bbox 614 3049 692 3088; x_wconf 74' lang='lat'>210,</span> <span class='ocrx_word' id='word_1_464' title='bbox 715 3050 882 3089; x_wconf 49' lang='lat'>220222,</span> <span class='ocrx_word' id='word_1_465' title='bbox 905 3051 984 3090; x_wconf 74' lang='lat'>2:28,</span> <span class='ocrx_word' id='word_1_466' title='bbox 1007 3051 1085 3090; x_wconf 86' lang='lat'>230,</span> <span class='ocrx_word' id='word_1_467' title='bbox 1108 3051 1187 3089; x_wconf 76' lang='lat'>231,</span> <span class='ocrx_word' id='word_1_468' title='bbox 1207 3051 1277 3083; x_wconf 78' lang='lat'>324</span> <span class='ocrx_word' id='word_1_469' title='bbox 1295 3056 1333 3082; x_wconf 88' lang='lat' dir='ltr'>et</span> <span class='ocrx_word' id='word_1_470' title='bbox 1351 3050 1549 3089; x_wconf 85' lang='lat' dir='ltr'>Schwalm,</span> <span class='ocrx_word' id='word_1_471' title='bbox 1571 3049 1866 3088; x_wconf 71' lang='lat' dir='ltr'>Constitutiones,</span> <span class='ocrx_word' id='word_1_472' title='bbox 1888 3055 1914 3082; x_wconf 86' lang='lat' dir='ltr'>t.</span> <span class='ocrx_word' id='word_1_473' title='bbox 1933 3061 1986 3090; x_wconf 85' lang='lat' dir='ltr'>1v,</span> 
     </span>
     <span class='ocr_line' id='line_1_49' title="bbox 279 3101 571 3141; baseline -0.003 -10"><span class='ocrx_word' id='word_1_474' title='bbox 279 3112 309 3141; x_wconf 59' lang='grc' dir='ltr'>Γ.</span> <span class='ocrx_word' id='word_1_475' title='bbox 342 3101 402 3131; x_wconf 60' lang='lat'>‘17²1</span> <span class='ocrx_word' id='word_1_476' title='bbox 432 3108 467 3131; x_wconf 64' lang='lat' dir='ltr'>ct</span> <span class='ocrx_word' id='word_1_477' title='bbox 496 3102 571 3133; x_wconf 57' lang='lat' dir='ltr'>&#39;ss-3,</span> 
     </span>
    </p>
   </div>
  </div>
 </body>
</html>
