2083 3458
93 248 217 304 [990]
618 266 834 292 PAPARUM
870 266 1254 292 AVENlONENsmM
1693 250 1774 292 507

134 350 176 388 P.
192 350 436 400 359,lig.14.
453 350 742 389 GUILLELMUM
763 352 960 391 Suooms.
980 353 1146 391 Certum
1161 360 1222 390 est
1237 352 1344 390 hunc
1361 352 1623 390 Guillelmuni
1638 360 1776 390 ortum

81 423 165 447 esse
184 424 232 447 ex
251 409 411 448 modico
432 410 698 449 Lemovicum
718 412 868 461 oppido
888 412 997 461 quod
1016 419 1189 449 vocatur
1208 411 1384 460 Aquina,
1405 411 1527 460 vulgo
1546 411 1772 459 L'Aguene,

79 482 206 518 prope
227 469 429 516 Tutelam,
451 483 623 523 eamque
645 479 808 519 gentem
829 471 896 508 diu
918 471 997 508 illic
1018 471 1237 509 habitasse.
1262 470 1400 508 Manet
1421 470 1648 508 etiamnum
1667 470 1707 507 in
1728 484 1773 508 eo

82 528 232 577 oppido
257 528 401 566 domus
426 529 598 578 antiqua
623 538 772 567 vocata
798 531 919 579 vulgo
944 530 988 566 cle
1011 530 1049 567 la
1072 530 1228 577 Smlrie,
1254 538 1294 567 et
1316 530 1357 566 in
1382 530 1621 567 conclusura
1645 536 1773 567 testu-

81 585 184 623 dinis
220 587 338 625 unius
374 602 393 625 e
427 588 582 626 sacellis
618 589 808 626 ecclesiae
843 589 1106 638 parrochialis
1142 588 1332 626 visuntur
1365 588 1537 637 insignia
1574 588 1774 637 gentilitia

81 644 332 685 Sudriorum.
356 646 462 684 Puto
481 655 622 685 autem
643 647 807 685 Sudrios
829 662 847 685 e
870 647 1029 684 Divona
1051 648 1328 685 Cadurcorum
1348 647 1555 696 Aquinam
1575 660 1668 685 cum
1691 646 1774 684 Sal-

80 704 210 742 vaniis
249 706 535 755 commigrasse
573 706 676 744 circa
715 720 869 743 annum
908 706 1198 743 MCCXLVIII
1236 707 1367 744 solum
1416 713 1576 743 mutare
1613 714 1775 743 coactos

80 772 248 814 propter
275 778 416 814 graves
445 765 666 803 discordias
695 779 795 814 quas
822 765 897 813 illi,
919 773 1009 802 tum
1037 766 1219 803 consules
1248 765 1535 812 Cadurcenses,
1563 778 1776 803 exercuere

82 836 175 861 cum
197 823 372 861 Geraldo
395 824 584 874 episcopo
607 839 692 872 suo,
717 832 763 861 ut
784 824 824 861 in
848 824 956 861 Ser-ie
977 825 1251 874 episcoporum
1273 823 1600 871 Cadurcensium,
1623 838 1660 873 p.
1688 822 1774 870 103,

82 881 202 920 docet
224 882 462 921 Guillelmus
486 884 672 922 Cruceus.
699 883 805 920 Nam
828 883 1016 921 Salvania
1043 897 1205 933 quoque
1228 898 1337 932 gens,
1361 898 1464 932 quae
1486 897 1588 921 aevo
1610 890 1779 932 patrum

81 950 316 980 nostrorum
337 943 528 981 Tutelam
548 943 850 992 commigravit,
872 942 1043 992 antiqua
1066 951 1127 980 est
1146 943 1256 993 apud
1278 943 1496 991 Aquiliam.

135 1001 374 1039 Guillelmus
395 1002 521 1051 igitur
542 1010 664 1040 natus
687 1002 797 1052 apud
821 1002 1041 1050 Aquinam,
1066 1002 1241 1039 fratrum
1264 1001 1599 1039 praedicatorum
1622 1009 1780 1039 vestem

80 1059 217 1098 induit
245 1061 286 1098 in
316 1070 523 1099 conventu
552 1061 751 1100 Brivensi.
785 1062 931 1099 Postea
963 1061 1077 1098 dedit
1107 1074 1272 1110 operam
1302 1060 1447 1098 studiis
1477 1060 1702 1107 literarum,
1732 1074 1778 1097 ac

80 1133 293 1169 progressu
323 1121 519 1170 temporis
551 1121 802 1158 constitutus
832 1129 893 1158 est
922 1134 1059 1158 sacrae
1089 1120 1317 1169 theologiae
1346 1120 1474 1158 lector
1501 1119 1541 1156 in
1572 1127 1778 1157 conventu

82 1178 413 1225 Carcassonensi3
437 1194 565 1229 eoque
587 1180 722 1217 adhuc
745 1194 911 1218 munere
934 1179 1184 1228 fungebatur
1206 1193 1313 1216 anno
1336 1178 1673 1225 MCCCXLVIII,
1699 1191 1778 1227 quo

82 1237 216 1276 factus
257 1247 318 1277 est
356 1239 466 1288 prior
505 1239 767 1289 provincialis
806 1239 846 1276 in
886 1238 1097 1288 provincia
1139 1238 1352 1275 Tolosana.
1396 1237 1522 1275 Vetus
1564 1237 1778 1285 Catalogus

30 1299 33 1302 ’
81 1310 153 1335 ms.
185 1298 367 1347 priorum
395 1298 710 1348 provincialium
738 1298 973 1348 provinciae
1003 1297 1227 1335 Tolosanae
1255 1297 1296 1334 in
1326 1296 1574 1334 bibliotheca
1604 1296 1778 1333 fratrum

83 1356 419 1395 praedicatorum
440 1357 609 1396 Tolosae
628 1357 641 1380 1
664 1373 671 1394 :
697 1357 854 1395 Tertius
873 1357 1047 1394 (lecimus
1066 1356 1176 1405 prior
1195 1344 1455 1405 provincialis
1474 1355 1593 1404 frater
1619 1353 1782 1392 Guillel·

83 1428 170 1452 mus
193 1415 320 1453 Sndre
342 1424 552 1453 conventus
575 1415 795 1463 Brivensis,
819 1415 1014 1452 oriundus
1038 1415 1082 1452 de
1103 1414 1296 1463 Laguena
1321 1430 1327 1451 :
1353 1414 1420 1463 qui
1442 1428 1530 1451 cum
1552 1422 1647 1451 esset
1668 1414 1779 1450 lector

82 1473 336 1523 Carcassone,
359 1476 499 1513 electas
521 1483 577 1513 est
599 1475 642 1512 in
663 1475 794 1512 eodem
817 1475 991 1524 capitulo
1014 1473 1152 1511 Sancti
1180 1472 1396 1511 Gaudentii
1418 1487 1524 1510 anno
1546 1487 1619 1522 quo
1640 1486 1779 1521 supra,

80 1534 227 1572 scilicet
253 1534 463 1572 millesimo
491 1533 807 1581 CCCXLVIII,
838 1534 945 1583 infra
972 1541 1127 1571 octavas
1154 1534 1419 1582 apostolorum
1446 1532 1554 1569 Petri
1581 1540 1615 1569 et
1641 1531 1777 1578 Pauli,

82 1592 179 1631 Fuit
200 1593 456 1643 confirmatus
477 1608 546 1643 per
566 1593 727 1643 fratrem
752 1588 975 1631 thcmnem
998 1593 1043 1629 de
1066 1592 1316 1629 llffolenclinis
1338 1591 1585 1639 magistrum,
1609 1590 1780 1639 rexitque

80 1649 328 1702 provinciam
352 1653 505 1690 duobus
528 1653 668 1699 annis,
693 1661 781 1702 post
803 1667 897 1702 quos
921 1652 1124 1689 absolutus
1147 1665 1216 1701 per
1239 1651 1419 1697 litteram,
1443 1651 1571 1699 jactus
1595 1649 1779 1698 magister

82 1712 187 1750 sacri
203 1712 359 1760 palatii,
378 1712 447 1749 ubi
462 1713 555 1761 legit
568 1712 620 1749 ad
635 1712 817 1749 honorem
829 1712 906 1750 Dei
921 1720 955 1749 et
969 1711 1123 1748 ordinis
1139 1711 1275 1748 multis
1290 1710 1423 1747 annis.
1441 1709 1491 1746 Et
1506 1709 1674 1755 tandem,
1691 1722 1778 1745 cum

82 1779 178 1809 esset
212 1771 422 1821 episcopus
458 1771 748 1818 Marsiliensis,
786 1785 855 1820 per
900 1770 1105 1807 dominum
1151 1784 1301 1819 papam
1344 1768 1549 1806 Urbanum
1596 1768 1778 1817 quintum

83 1839 313 1880 assumptus
330 1839 384 1868 est
402 1831 445 1868 in
461 1830 721 1880 presbiterum
739 1830 978 1867 cardinalem
998 1829 1104 1867 tituli
1123 1829 1356 1867 Sanctorum
1377 1827 1576 1865 Johannis
1593 1835 1626 1864 et
1641 1826 1777 1865 Pauli.

83 1890 222 1927 cle-inde
242 1898 443 1939 promotus
464 1898 519 1927 est
542 1890 584 1926 in
605 1890 835 1939 episcopum
857 1889 1105 1926 Hostiensem
1130 1897 1163 1926 et
1190 1888 1472 1925 I'ellecrensem.
1502 1886 1625 1924 Isthic
1649 1885 1780 1923 obiter

84 1948 389 1987 observandum
418 1957 480 1987 est
509 1949 773 1987 Vincentium
805 1948 976 1985 Mariam
1008 1948 1241 1985 Fontanam
1270 1947 1312 1984 in
1342 1946 1617 1983 Alonianentis
1643 1944 1779 1981 Domi-

85 2008 256 2056 nicanis,
283 2023 321 2058 p.
351 2008 439 2055 219,
468 2008 640 2046 scribere
667 2022 760 2046 eum
786 2008 827 2045 in
854 2022 1020 2045 munere
1047 2007 1209 2045 lectoris
1236 2006 1338 2044 sacri
1365 2005 1510 2055 palatii
1535 2005 1780 2052 singularem

83 2067 320 2117 apostolicae
342 2067 435 2105 Sedi
450 2075 563 2116 atque
579 2067 711 2104 ordini
727 2067 894 2104 decorem
913 2066 1115 2113 attulisse,
1131 2080 1203 2115 pro
1225 2080 1270 2104 eo
1288 2064 1397 2115 quod
1414 2072 1531 2102 vetus
1544 2064 1608 2101 ille
1621 2063 1780 2100 dixerat

84 2126 220 2176 ipsum
240 2127 281 2164 in
301 2140 416 2164 sacro
439 2126 596 2176 palatio
615 2126 757 2175 legisse
778 2126 918 2165 inultis
939 2125 1055 2163 annis
1076 2126 1127 2162 ad
1146 2125 1327 2161 honorem
1344 2123 1420 2160 Dei
1439 2132 1473 2161 et
1490 2122 1654 2160 ordinis.
1678 2122 1780 2159 Cum

84 2194 226 2224 autem
254 2185 388 2224 factus
417 2185 540 2223 fuerit
567 2186 695 2223 lector
723 2185 825 2223 sacri
853 2185 997 2234 palatii
1026 2193 1119 2234 post
1149 2185 1353 2221 Joannem
1381 2183 1429 2220 de
1458 2181 1704 2227 Molendino,
1733 2188 1779 2216 ut

85 2245 145 2282 ait
179 2245 381 2292 Fontana,
416 2259 667 2294 consequens
702 2252 764 2282 est
795 2244 910 2282 illuni
945 2243 996 2281 ad
1030 2257 1120 2282 eain
1154 2243 1401 2292 dignitatem
1433 2249 1630 2278 vocatum
1663 2238 1781 2277 esse2

85 2317 193 2341 anno
222 2303 518 2351 MCCCXLIX,
547 2317 627 2353 quo
656 2304 835 2341 Joannes
863 2304 992 2341 lector
1018 2302 1120 2340 sacri
1147 2301 1292 2351 palatii
1319 2301 1470 2339 electus
1499 2307 1559 2337 est
1587 2298 1780 2347 magister

87 2363 282 2412 generalis
313 2362 463 2400 ordinis
491 2363 534 2400 in
561 2362 743 2412 capitulo
773 2362 948 2411 generali
976 2360 1280 2399 Barcinonensi.

139 2421 258 2459 Anno
296 2421 572 2459 MCCCLXIV
609 2421 743 2459 factus
772 2429 833 2459 est
849 2419 864 2442 3
900 2420 1112 2470 episcopus
1152 2418 1425 2464 Massiliensis,
1463 2425 1509 2454 ut
1537 2431 1586 2455 ex
1623 2414 1778 2453 schedis

88 2480 263 2519 Suaresii
300 2480 441 2518 docuit
478 2481 658 2518 Joannes
698 2481 933 2518 Guesnaeus
971 2479 1012 2516 in
1050 2478 1282 2515 Annalibus
1320 2476 1544 2514 Massiliae.
1588 2473 1780 2512 Inteifuit

87 2547 228 2578 autem
243 2553 351 2577 anno
369 2540 554 2589 sequenti
571 2539 742 2577 concilio
768 2539 894 2577 trium
910 2538 1215 2588 provinciarum
1233 2536 1342 2586 quod
1359 2535 1549 2573 habitum
1566 2542 1626 2572 est
1643 2546 1778 2572 mense

87 2598 196 2637 maio
215 2598 254 2636 in
288 2598 454 2637 ecclesia
476 2598 649 2648 Aptensi
664 2597 692 2646 4,
715 2612 851 2636 mense
874 2612 969 2635 vero
989 2597 1105 2646 junio
1136 2594 1389 2633 coronationi
1414 2593 1554 2631 Karoli
1580 2591 1632 2629 IV
1653 2592 1778 2641 impe-

87 2657 233 2696 ratoris
258 2657 370 2707 apud
394 2657 614 2695 Arelatem.

141 2716 260 2754 Anno
287 2716 577 2763 MCCCLXVI,
605 2715 668 2754 die
695 2730 795 2752 xvn1
822 2714 1080 2764 septembris,
1099 2713 1288 2750 Urbanus
1312 2712 1345 2748 V
1372 2725 1465 2750 eum
1491 2711 1588 2748 fecit
1612 2709 1779 2759 presby-

86 2782 222 2814 terum
241 2774 503 2813 cardinalem.
525 2774 682 2812 Aberat
701 2783 842 2812 autem
861 2774 926 2811 ille
943 2787 965 2810 a
987 2772 1111 2818 curia,
1134 2771 1335 2808 Massiliae
1355 2770 1546 2808 videlicet
1566 2768 1780 2813 habitans3

134 2923 166 2956 1.
195 2913 524 2966 Bibliotheque'de
546 2921 730 2955 Toulouse
752 2933 818 2954 ms.
837 2920 918 2960 490,
940 2920 1002 2953 fol.
1026 2920 1069 2953 73
1092 2923 1142 2952 v0.

136 2976 167 3009 2.
196 2975 332 3008 Archiv
352 2975 391 3019 (t.
408 2987 445 3014 11,
465 2986 500 3018 p.
520 2974 601 3018 222)
621 2980 660 3008 et
677 2972 1039 3007 Denisse-Chatelain
1060 2970 1365 3015 (Chartularium,
1385 2977 1410 3003 t.
1428 2982 1465 3010 11,
1484 2981 1519 3013 p.
1539 2969 1634 3012 619).

136 3029 168 3063 3.
198 3028 245 3061 Ce
274 3028 335 3061 fut
361 3028 393 3060 le
424 3028 467 3060 27
497 3027 590 3061 amit
618 3028 708 3062 1361
743 3025 1144 3070 (Albanas-Chevalier,
1181 3024 1302 3057 Gallia
1343 3023 1543 3056 christiana
1571 3022 1784 3061 novissima,

89 3079 290 3121 Mar-seille,
316 3081 384 3114 col.
409 3080 595 3124 332-333).

135 3134 169 3168 4.
197 3133 586 3173 Albanas-Chevalier,
609 3138 647 3166 ut
664 3145 706 3173 s.,
727 3132 844 3173 Arles,
866 3132 933 3165 col.
956 3131 1036 3164 693.
