2083 3458
255 219 338 261 354
904 236 1056 262 NOTAE
1091 236 1151 261 AD
1185 236 1313 262 VITAs
1836 216 1949 274 [845]

309 319 495 358 Mortuus
527 328 587 358 cst
617 320 741 370 igitur
771 334 879 357 anno
911 319 1197 358 MCCCXLIII
1229 319 1292 358 die
1322 320 1501 358 secunda
1531 319 1649 369 junii,
1681 318 1792 369 apud
1823 317 1960 368 Perpi-

256 378 437 418 nianum.
462 380 559 417 Inde
576 394 672 418 vero
691 393 835 429 corpus
854 378 940 428 ejus
957 379 1208 418 translatum
1225 387 1287 417 est
1304 379 1568 427 Florentiam,
1586 378 1657 417 ubi
1673 378 1883 429 sepultum
1899 384 1961 415 est

256 437 297 475 in
325 439 505 488 quodam
532 438 782 477 monasterio
809 438 941 476 sancti
966 438 1180 476 Benedicti
1207 438 1318 488 quod
1343 438 1429 489 ipse
1464 438 1726 476 fundaverat.
1756 437 1960 475 Sammar-

257 497 374 534 thani
389 497 402 520 ยน
427 498 467 535 in
489 498 677 547 Catalogo
697 497 972 547 episcoporum
995 497 1308 535 Tornacensium
1331 512 1424 536 eum
1444 497 1562 535 aiunt
1583 497 1729 535 obiisse
1748 496 1791 534 in
1810 494 1959 546 patria.

312 556 514 607 Nepotem
549 557 697 594 habuit
732 556 949 595 Nicolaum
984 557 1033 595 de
1069 556 1259 607 Malpiliis
1295 557 1491 595 abbatem
1528 556 1825 603 Florentinum,
1860 553 1960 604 juris

257 615 470 665 utriusque
510 616 721 654 doctorem
759 615 970 664 eximium,
1007 630 1238 667 pauperum
1276 616 1540 655 advocatum.
1584 616 1647 653 Ita
1686 615 1795 654 enim
1831 613 1962 652 tradit

259 674 447 713 Placidus
472 675 725 713 Puccinellus
746 675 789 712 in
810 675 1026 725 Apparatu
1048 675 1092 713 de
1118 675 1341 713 illustribus
1367 675 1550 713 abbatiae
1575 674 1829 712 Florentinae
1850 673 1961 720 viris,

258 748 295 783 p.
333 734 393 772 28.

312 793 354 831 ฮก.
378 793 465 840 242,
486 793 552 843 lig.
575 793 636 832 31.
662 794 790 831 HUGO
814 793 1009 832 Roomm.
1033 794 1129 833 Jam
1149 801 1272 832 antea
1292 793 1526 833 monuimus
1547 793 1693 832 falsam
1713 807 1798 831 esse
1819 805 1962 842 genea-

257 851 406 901 logiam
444 852 737 892 Belfortiorum
775 867 798 891 a
839 853 1014 891 Justello
1053 853 1273 903 prolatam,
1314 867 1418 903 quae
1456 853 1566 891 hunc
1606 853 1825 902 Hugonem
1864 850 1964 888 facit

259 910 388 950 filium
410 911 615 950 Guillelmi
638 912 802 962 Rogerii
823 921 865 950 et
880 911 1032 951 Mariae
1052 913 1100 951 de
1122 912 1389 951 Chambonio.
1412 912 1519 952 Nam
1540 926 1633 951 cum
1650 919 1794 949 auctor
1811 910 1965 948 Tertiae

256 970 356 1007 vitae
375 970 587 1009 Clementis
611 971 672 1009 VI
699 972 785 1021 ejus
805 980 982 1011 matrem
1001 972 1143 1010 tradat
1162 980 1357 1010 vocatam
1378 971 1500 1010 fuisse
1521 971 1795 1018 Guillelmam,
1819 977 1965 1008 auctor

256 1044 352 1068 vero
381 1030 551 1080 Quartae
578 1031 732 1069 scribat
759 1046 852 1070 eum
881 1039 1018 1069 ortum
1042 1046 1096 1081 ex
1124 1031 1305 1081 quodam
1331 1032 1420 1069 loco
1449 1031 1559 1069 dicto
1587 1029 1757 1068 Mostrio
1785 1037 1826 1068 et
1854 1029 1964 1067 Onu-

255 1089 395 1138 phrius
419 1089 644 1128 Panvinius
667 1090 709 1128 in
733 1090 915 1129 Secunda
936 1090 1102 1141 epitome
1124 1105 1174 1129 ex
1195 1090 1351 1129 familia
1374 1090 1574 1128 Monstria
1590 1089 1785 1139 originem
1801 1087 1964 1126 duxisse

255 1148 439 1198 adeoque
477 1150 586 1188 hunc
623 1158 812 1189 nostrum
852 1150 1070 1200 Hugonem
1108 1150 1292 1200 appellat
1329 1149 1589 1197 Monstrium,
1630 1162 1871 1199 quanquam
1907 1146 1966 1184 illi

255 1206 296 1244 in
322 1208 570 1257 quibusdam
595 1223 748 1248 errasse
773 1209 1008 1257 videantur,
1034 1209 1269 1248 existimare
1293 1217 1435 1248 tamen
1460 1216 1624 1259 oportet
1648 1223 1715 1247 eos
1739 1207 1798 1245 ita
1824 1206 1965 1246 fecisse

255 1281 347 1305 cum
363 1267 522 1306 ratione
535 1276 576 1307 et
591 1283 684 1307 cum
698 1268 961 1307 auctoritate.
980 1269 1208 1308 Erroneum
1221 1268 1329 1308 enim
1343 1283 1502 1307 merum
1514 1283 1597 1306 esse
1612 1275 1716 1318 puto
1732 1266 1842 1317 quod
1856 1267 1965 1304 hunc

254 1326 503 1366 cardinalem
524 1327 770 1367 Monstrium
789 1336 944 1366 vocant
963 1343 1014 1366 ex
1032 1328 1197 1366 nomine
1217 1327 1374 1376 matris,
1394 1342 1487 1367 cum
1504 1335 1661 1366 certum
1679 1326 1732 1365 sit
1751 1340 1844 1365 eum
1863 1339 1965 1364 sem-

252 1399 324 1435 per
352 1395 549 1425 vocatum
578 1387 701 1426 fuisse
733 1388 951 1437 Hugonem
982 1387 1159 1437 Rogerii.
1191 1387 1310 1436 Quod
1337 1387 1428 1426 ideo
1459 1387 1549 1425 dico
1577 1402 1627 1425 ne
1658 1386 1747 1436 quis
1779 1385 1966 1424 imitetur

253 1459 455 1495 nuperum
494 1447 716 1496 quemdam
751 1447 956 1485 Historiae
992 1446 1275 1484 Cardinalium
1317 1446 1571 1497 scriptorem,
1610 1445 1680 1496 qui
1719 1444 1965 1483 Monstrium

252 1503 367 1541 illum
396 1519 441 1543 ea
471 1506 518 1544 de
547 1520 669 1544 causa
697 1506 777 1544 dici
812 1506 939 1545 etiam
965 1506 1148 1557 potuisse
1176 1514 1371 1544 autumat
1398 1506 1509 1556 quod
1536 1504 1711 1545 monstri
1738 1503 1867 1542 simile
1912 1502 1966 1541 sit

254 1577 461 1603 summum
481 1565 776 1615 pontificatum
796 1580 995 1604 recusare.
1020 1565 1126 1614 Quid
1148 1565 1179 1603 si
1200 1580 1272 1615 ego
1295 1565 1544 1604 contendam
1565 1579 1656 1603 eam
1674 1563 1734 1601 illi
1752 1576 1964 1613 nuncupa-

252 1622 408 1662 tionem
434 1624 668 1674 contingere
691 1625 875 1676 potuisse
899 1633 1117 1676 propterea
1144 1625 1254 1675 quod
1278 1632 1533 1663 monstratus
1559 1631 1622 1662 est
1645 1637 1805 1662 summo
1829 1621 1965 1673 ponti-

255 1682 422 1721 ficatui?
441 1683 545 1722 Sane
562 1684 594 1722 si
609 1684 776 1723 licentia
792 1684 949 1723 isthaec
965 1684 1199 1734 inquirendi
1214 1684 1256 1722 in
1274 1684 1445 1734 origines
1462 1683 1678 1722 nominum
1693 1680 1963 1733 praevalebit,

252 1741 353 1779 nihil
367 1757 552 1792 unquam
567 1758 717 1794 purum
733 1743 810 1782 erit
824 1744 867 1782 in
881 1743 1067 1792 historia,
1084 1758 1216 1793 nugae
1231 1743 1335 1782 istae
1350 1751 1571 1793 utramque
1586 1742 1781 1793 paginam
1797 1741 1962 1779 facient.

307 1801 427 1851 Hugo
443 1801 458 1824 2
483 1817 597 1853 puer,
625 1811 673 1841 ut
700 1803 781 1841 fere
804 1803 1005 1851 solebant,
1030 1804 1115 1841 Deo
1137 1803 1300 1841 oblatus
1321 1811 1383 1841 est
1408 1802 1451 1841 in
1470 1801 1720 1840 monasterio
1740 1799 1963 1839 Tutelensi.

256 1860 359 1899 Dein
396 1862 528 1899 evasit
565 1862 693 1900 abbas
732 1862 1036 1912 Angeliacensis
1083 1871 1124 1900 et
1172 1877 1270 1901 mox
1317 1862 1531 1912 episcopus
1581 1860 1809 1899 Tutelensis
1856 1873 1964 1897 anno

254 1919 530 1969 MCCCXLII,
570 1936 627 1959 xv
665 1922 744 1960 kal.
784 1922 948 1972 augusti
989 1922 1054 1972 [18
1089 1921 1263 1972 juillet].
1304 1922 1423 1970 Quod
1452 1936 1534 1959 non
1571 1928 1714 1959 tacent
1768 1918 1930 1968 Vulgati
1948 1917 1964 1941 3

257 1979 528 2018 Tutelensiam
565 1981 840 2031 episcoporum
879 1981 1059 2030 catalogi.
1102 1982 1156 2018 Et
1194 1989 1336 2019 tamen
1374 1980 1628 2030 Augustinus
1669 1979 1866 2018 Oldoinus
1906 1977 1965 2015 ait

257 2038 301 2088 [t.
326 2053 367 2086 11,
394 2040 467 2078 col.
494 2039 593 2091 490]
622 2040 708 2090 ejus
733 2055 883 2079 nomen
907 2055 990 2078 non
1013 2040 1180 2091 reperiri
1204 2040 1246 2078 in
1269 2040 1580 2078 Nomenclatiira
1602 2039 1833 2089 praesulum
1856 2037 1963 2075 illius

255 2097 471 2137 Ecclesiae.
508 2100 732 2149 Nunquam
764 2114 885 2150 porro
918 2100 998 2137 fuit
1031 2108 1292 2138 consecratus
1326 2099 1554 2150 episcopus,
1587 2107 1635 2136 ut
1667 2096 1965 2136 animadvertit

253 2156 380 2196 etiam
418 2159 598 2197 Joannes
636 2159 874 2197 Chenutius.
915 2159 1033 2207 Quod
1069 2159 1302 2209 antiquitus
1339 2159 1606 2197 observatum
1643 2165 1705 2196 est
1738 2157 1781 2194 in
1817 2155 1964 2194 Ordine

253 2216 433 2254 Romano
469 2232 591 2267 quem
625 2218 688 2256 vir
723 2218 969 2257 clarissimus
1006 2218 1195 2256 dominus
1233 2218 1413 2256 Joannes
1450 2216 1710 2255 Mabillonius
1751 2215 1880 2254 edidit
1922 2214 1964 2252 in

254 2283 368 2314 tomo
392 2278 570 2315 secundo
595 2278 733 2315 Masei
758 2278 905 2326 Italici,
929 2277 999 2315 ubi
1021 2292 1060 2328 p.
1086 2277 1162 2316 435
1184 2278 1403 2327 legendum
1426 2285 1488 2315 est
1511 2291 1561 2315 ex
1585 2276 1664 2314 fide
1689 2275 1837 2314 codicis
1858 2272 1965 2311 1713

255 2334 528 2375 bibliothecae
572 2337 829 2375 Colbertinae
846 2336 863 2360 4
906 2353 913 2374 :
958 2336 1191 2374 Cardinalis
1237 2336 1473 2374 Tutellensis
1513 2336 1634 2385 frater
1675 2334 1769 2372 dicti
1811 2332 1964 2372 domini

253 2392 467 2432 Clementis
489 2411 592 2446 pape
620 2396 691 2444 VI,
716 2396 783 2446 qai
804 2396 934 2445 fuerat
954 2396 1093 2434 electus
1118 2396 1354 2433 Tutellensis
1385 2404 1418 2433 et
1449 2410 1527 2432 non
1554 2395 1684 2444 fuerat
1704 2401 1960 2431 consecratus.

255 2452 417 2491 Scilicet
435 2455 618 2494 Clemens
635 2461 727 2494 cum
743 2455 880 2494 animo
896 2455 1143 2493 destinasset
1159 2455 1329 2493 fratrem
1344 2469 1463 2493 suum
1480 2454 1522 2492 in
1538 2453 1808 2492 cardinalium
1822 2466 1963 2491 nume-

254 2526 344 2549 rum
368 2522 574 2563 cooptare,
599 2514 633 2553 ei
657 2515 834 2552 contulit
855 2514 1141 2564 episcopatum
1164 2515 1425 2552 Tutelensem
1448 2528 1493 2552 ea
1517 2521 1653 2552 mente
1676 2520 1724 2550 ut
1746 2510 1962 2550 cardinalis

253 2570 482 2610 Tutelensis
505 2573 702 2623 appellari
723 2581 875 2624 posset,
890 2588 964 2624 pro
986 2588 1096 2611 more
1119 2573 1311 2611 videlicet
1325 2573 1488 2611 illorum
1509 2580 1758 2622 temporum,
1775 2585 1855 2620 quo
1879 2583 1962 2608 car-

255 2629 409 2669 dinales
436 2632 504 2681 qui
530 2641 652 2671 antea
677 2633 842 2671 fuerant
866 2632 1045 2683 episcopi
1070 2632 1259 2670 solebant
1282 2631 1635 2681 nuncupationem
1659 2644 1777 2668 suam
1801 2629 1962 2667 trahere

255 2689 307 2725 ab
335 2690 522 2728 Ecclesiis
549 2692 643 2739 suisโท
670 2700 717 2729 ut
742 2692 926 2731 Clemens
943 2692 1001 2729 VI
1018 2706 1041 2729 a
1065 2691 1403 2740 Rothomagensi,
1422 2690 1685 2728 Innocentius
1707 2689 1763 2727 VI
1785 2703 1806 2726 a
1828 2689 1962 2727 Claro-

304 2845 335 2876 1.
366 2844 432 2877 Ed.
460 2846 502 2877 dc
529 2846 633 2886 1720,
661 2853 686 2879 t.
711 2858 761 2886 111,
789 2847 855 2879 col.
883 2846 962 2879 227.

306 2898 335 2929 2.
358 2897 509 2940 llugucs
528 2898 650 2941 Rogcr
666 2900 759 2932 etait
774 2900 805 2932 le
824 2900 867 2932 26
884 2899 1206 2942 septembresl330
1223 2898 1347 2941 prieur
1363 2898 1406 2930 de
1423 2897 1705 2931 Saint-Gervais
1727 2899 1809 2940 pres
1828 2896 1960 2930 Rouen

257 2956 294 2982 ct
326 2952 568 2992 appartcnait
609 2952 629 2983 a
672 2952 847 2995 lโabbaye
881 2953 924 2984 de
959 2952 1121 2995 Fecamp
1157 2951 1261 2994 (Reg.
1295 2951 1405 2983 Avin.
1445 2951 1502 2990 39,
1536 2951 1597 2984 fol.
1632 2951 1701 2984 470
1735 2949 1786 2993 v0)
1831 2950 1961 2993 quand

257 3003 353 3034 dvan
372 3003 487 3036 XXII
507 3005 556 3036 lui
575 3005 711 3047 permit
730 3005 878 3048 d'opter
894 3017 989 3048 pour
1005 3005 1036 3037 lc
1054 3006 1266 3037 monastere
1286 3004 1329 3036 dc
1346 3004 1381 3036 la
1400 3003 1656 3036 ChaiseโDieu.

305 3058 336 3088 3.
364 3056 484 3089 Gallia
503 3058 725 3097 Christiana,
747 3064 773 3090 t.
792 3070 829 3097 11,
850 3059 916 3091 col.
939 3059 1007 3091 668
1026 3064 1064 3091 et
1083 3058 1186 3090 1104.

305 3109 336 3140 si.
364 3109 401 3140 13.
432 3109 486 3148 N.y
513 3121 578 3142 ms.
605 3110 699 3142 latin
722 3110 802 3150 937,
828 3111 889 3143 fol.
916 3111 984 3144 115
1009 3115 1059 3143 ฮฝฮฟ.
