2083 3458
60 154 183 211 [616]
588 171 807 196 PAPARUM
843 171 1230 198 ΑνΕΝῐοΝΕΝεΙυΜ
1703 162 1756 203 95

99 255 281 293 Clemens
304 254 339 291 V
359 254 505 292 fratres
531 253 678 292 habuit
704 254 958 292 Galhardum
984 263 1195 293 mortuum
1216 256 1406 306 Lugduni
1429 272 1537 298 anno
1564 259 1754 309 MCCCV,

46 321 87 353 et
106 313 333 352 Arnaldum
352 312 532 360 Garsiae,
550 327 672 363 quem
690 312 888 351 Odoricus
909 313 1164 363 Raynaldus,
1180 329 1245 354 an.
1267 315 1381 364 1306,
1405 317 1474 365 §Q
1494 318 1613 356 docet
1632 318 1754 358 fuisse

45 375 98 412 ab
117 372 260 411 eodem
279 372 486 410 Clemente
507 371 782 410 constitutum
802 380 1001 411 rectorem
1020 373 1195 412 ducatus
1216 374 1427 424 Spoletani
1447 377 1471 414 ¹.

98 433 162 470 Ex
186 431 394 469 Galhardo
421 439 534 469 ortus
559 439 621 469 est
649 431 921 480 Raymundus
948 432 1118 470 Arnaldi
1144 433 1192 471 de
1219 433 1343 481 Guto,
1370 435 1559 474 dominus
1586 436 1634 475 de
1662 437 1754 475 Pes-

43 505 136 531 saco
163 498 205 529 et
232 490 280 528 de
311 490 533 537 Roalhaco,
563 490 631 539 qui
659 489 805 528 liberos
834 505 884 529 ex
912 491 1077 529 Mabilia
1106 492 1277 542 conjuge
1305 493 1454 531 habuit
1486 495 1753 544 Galhardum,

42 552 237 597 Brunam,
260 549 534 599 Marquesiam
555 557 596 587 et
617 549 847 596 Caeciliam,
863 557 910 587 ut
929 558 1048 600 patet
1069 565 1120 589 ex
1140 559 1392 590 testamento
1413 553 1500 603 ejus
1517 554 1627 592 edito
1648 554 1755 593 inter

42 608 307 662 probationes
324 607 529 646 Historiae
547 607 829 646 Cardinalium
853 608 1068 656 Gallorum,
1087 624 1125 660 p.
1147 610 1234 648 256.

95 667 299 706 Arnaldus
325 667 491 706 Garsiae
516 666 853 705 vicecomitatum
870 668 1115 708 Leomaniae
1138 678 1179 707 et
1196 669 1436 709 Altivillaris
1454 685 1562 710 anno
1579 672 1754 711 MCCCV

42 729 84 767 in
103 726 302 766 familiam
323 740 440 764 suam
460 726 614 764 intulit.
640 726 791 764 Fuerat
820 726 884 765 ille
907 726 1004 765 olim
1025 727 1315 766 vicecomitum
1337 729 1442 768 illius
1463 731 1651 770 nominis.
1676 732 1753 770 Sed

43 801 136 826 cum
164 786 369 824 Arnaldus
401 785 506 823 filius
537 785 717 832 Ottonis,
749 799 989 835 quanquam
1019 787 1099 825 duo
1133 787 1396 827 matrimonia
1418 798 1625 840 expertus,
1649 791 1751 830 duas

42 854 208 885 tantum
235 844 338 882 filias
364 844 639 882 Mascarosam
665 852 706 882 et
732 844 965 895 Philippam
991 853 1032 883 et
1057 846 1223 884 unicum
1252 847 1381 885 filium
1408 848 1633 888 Vezianum
1658 859 1754 900 post

41 919 81 945 se
107 904 350 954 reliquisset,
378 911 419 941 et
447 903 678 941 Mascarosa
706 911 748 941 et
776 904 978 942 Vezianus
1007 905 1274 944 decessissent
1301 921 1352 945 ex
1378 907 1454 945 hac
1482 908 1568 946 vita
1596 909 1752 959 absque

41 964 188 1011 liberis,
210 962 413 1013 Philippa,
431 977 535 1012 quae
562 962 702 1001 Heliae
726 962 991 1012 Talayrandi,
1010 963 1093 1002 filio
1116 965 1410 1013 Archambaldi
1433 966 1594 1005 comitis
1613 968 1752 1006 Petra-

41 1022 270 1074 goricensis‚
293 1021 363 1072 qui
383 1030 424 1060 et
443 1021 528 1072 ipse
550 1029 693 1072 postea
715 1021 793 1059 fuit
815 1036 962 1069 comes,
984 1031 1115 1073 nupta
1137 1032 1238 1071 erat,
1261 1024 1560 1064 vicecomitissa
1582 1027 1752 1065 Leoma·

39 1082 131 1123 niae
162 1081 242 1120 fuit
270 1089 366 1132 post
398 1081 581 1128 fratrem,
615 1080 683 1130 qui
716 1080 820 1119 circa
852 1095 1007 1120 annum
1040 1082 1311 1121 MCCLXXX
1344 1083 1512 1123 videtur
1542 1085 1751 1125 extinctus

41 1141 176 1189 fuisse,
206 1141 390 1190 adeoque
420 1140 602 1190 amplam
631 1140 736 1178 hanc
764 1141 1062 1190 possessionem
1091 1142 1253 1179 addidit
1282 1143 1413 1182 titulis
1443 1144 1594 1183 mariti.
1627 1145 1751 1184 Porro

41 1201 135 1252 quia
159 1199 472 1240 vicecomitatus
496 1199 559 1238 ille
580 1214 663 1239 non
682 1208 769 1237 erat
791 1199 832 1237 in
856 1200 952 1238 dote
974 1200 1200 1251 philippae,
1219 1202 1287 1239 sed
1304 1202 1338 1240 ei
1361 1211 1455 1252 post
1470 1203 1636 1254 nuptias
1660 1219 1751 1243 eve-

39 1268 169 1307 nerat,
186 1259 274 1310 ipsa
290 1259 405 1297 illum
422 1258 545 1297 titulo
562 1258 796 1297 donationis
813 1259 989 1297 contulit
1005 1259 1045 1297 in
1063 1260 1278 1307 maritum3
1296 1269 1336 1299 et
1354 1261 1583 1312 Marquesia
1600 1263 1750 1302 utrius·

41 1334 118 1370 que
135 1318 231 1366 filia,
248 1333 353 1369 quae
374 1317 615 1356 institutum
631 1317 871 1356 monialium
894 1318 1044 1357 ordinis
1068 1327 1235 1359 sanctae
1250 1320 1391 1360 Clarae
1406 1321 1580 1372 arripuit
1601 1322 1642 1360 in
1658 1337 1750 1361 con-

42 1386 169 1417 ventu
192 1377 527 1428 Petragoricensi,
551 1376 746 1427 quicquid
767 1376 867 1426 juris
890 1377 1072 1416 habebat
1094 1393 1164 1417 seu
1186 1379 1335 1418 habere
1356 1388 1522 1430 poterat
1543 1381 1586 1419 in
1606 1382 1750 1420 eodem

39 1437 332 1476 vicecomitatu
350 1436 564 1476 transtulit
585 1436 626 1473 in
660 1436 850 1474 eumdem
875 1437 1050 1483 Heliam,
1072 1446 1233 1487 patrem
1265 1453 1397 1477 suum.
1418 1439 1555 1478 Helias
1578 1455 1618 1479 se
1645 1440 1750 1479 vice-

39 1497 231 1536 comitem
253 1495 499 1535 Leomaniae
520 1495 629 1534 tulit.
647 1496 767 1533 Anno
782 1495 876 1534 dein
893 1496 1066 1543 MCCCI,
1083 1511 1219 1536 mense
1235 1498 1463 1547 novembri,
1480 1500 1749 1549 permutatio-

37 1556 148 1595 tione
175 1555 285 1594 facta
313 1569 406 1594 cum
432 1569 523 1604 rege
552 1554 746 1593 Franciae
775 1555 977 1605 Philippo,
1006 1556 1114 1597 hunc
1141 1556 1479 1595 vicecomitatum
1503 1558 1633 1597 eidem
1658 1559 1749 1597 Phi-

36 1615 148 1666 lippo
165 1623 206 1653 et
223 1614 440 1653 heredibus
457 1613 814 1664 sucessoribusque
837 1614 923 1663 ejus
940 1615 1151 1654 concessit.
1176 1616 1212 1653 Is
1230 1631 1325 1655 vero
1349 1617 1539 1667 Philippo
1560 1618 1642 1656 filio
1663 1633 1748 1666 suo,

37 1674 101 1713 cui
128 1688 353 1724 cognomen
382 1674 521 1723 Longo
549 1681 692 1724 postea
729 1673 874 1720 haesit,
903 1688 996 1712 eum
1034 1674 1160 1713 dedit.
1195 1675 1275 1713 Iste
1311 1689 1421 1715 anno
1459 1677 1646 1725 MCCCV,
1686 1677 1749 1716 die

37 1748 65 1771 x
86 1733 325 1780 decembris,
353 1733 464 1783 apud
487 1733 735 1782 Lugdunum
756 1732 790 1771 ei
810 1733 1023 1771 donationi
1043 1734 1313 1773 renuntiavit.
1337 1735 1391 1772 Et
1412 1735 1634 1785 quatriduo
1653 1745 1750 1786 post

35 1801 155 1844 pater
188 1792 276 1842 ejus
305 1792 517 1842 Philippus
551 1806 623 1830 rex
646 1792 907 1838 considerant,
933 1801 1029 1830 sunt
1063 1793 1188 1831 verba
1223 1793 1426 1843 regiarum
1455 1794 1681 1843 literarum,
1716 1804 1750 1833 et

36 1853 246 1902 regardant
275 1852 308 1889 le
340 1851 413 1889 bon
442 1859 668 1901 portement,
699 1851 737 1888 la
768 1852 914 1900 grande
943 1852 1109 1901 loyaute',
1140 1861 1175 1890 et
1203 1853 1242 1890 la
1269 1853 1389 1902 ferme
1418 1862 1622 1892 constance
1652 1855 1751 1904 qu'il

35 1911 140 1949 avoit
157 1910 355 1960 tousjours
373 1912 503 1948 trouve*
519 1924 567 1947 en
585 1910 760 1947 Arnault
784 1910 921 1947 Garsie
939 1911 984 1948 de
1008 1911 1090 1958 Got,
1111 1911 1313 1959 chevalier,
1331 1912 1431 1961 frere
1449 1914 1493 1950 de
1512 1913 1564 1951 N.
1586 1913 1627 1952 S.
1648 1914 1694 1952 P.
1716 1914 1749 1951 le

35 1985 151 2021 pape,
177 1978 212 2008 et
235 1984 283 2007 en
307 1969 515 2017 Bertrand,
543 1970 606 2019 fils
632 1970 684 2007 du
708 1969 838 2007 susdit
861 1970 1062 2017 chevalier,
1089 1979 1123 2008 et
1147 1985 1195 2008 en
1220 1985 1315 2009 ceua:
1339 1972 1383 2009 de
1408 1972 1492 2009 leur
1515 1972 1688 2022 lignage,
1715 1981 1749 2011 et

35 2029 89 2067 les
111 2029 205 2067 bons
223 2037 257 2067 et
275 2029 475 2078 agreables
493 2028 656 2066 services
676 2028 794 2078 qu'ils
822 2028 891 2078 luy
909 2029 1064 2067 avoient
1079 2029 1189 2078 faits,
1209 2044 1257 2067 en
1284 2031 1576 2069 remuneration
1595 2031 1749 2070 d’iceux

34 2088 197 2126 services
219 2096 253 2127 et
273 2102 321 2125 en
343 2088 679 2138 recompensation
701 2088 746 2125 de
768 2087 956 2125 cer-taines
979 2096 1094 2126 terres
1116 2096 1150 2126 et
1171 2097 1296 2127 rentes
1319 2090 1418 2140 qu'il
1438 2090 1543 2128 avoit
1564 2091 1748 2129 delaissie

34 2162 88 2186 au
114 2147 236 2186 duche'
262 2146 533 2197 d’Aquitaine,
562 2146 714 2185 eisdem
742 2147 992 2199 Arnaldofet
1017 2147 1247 2186 Bertrando
1275 2157 1316 2187 et
1345 2149 1562 2187 heredibus
1590 2164 1746 2188 succes-

35 2206 275 2256 soribusque
301 2206 539 2244 eorumdem
563 2205 606 2244 in
629 2213 878 2256 perpetuum
903 2206 1018 2244 dedit
1043 2207 1233 2245 eumdem
1260 2207 1610 2247 vicecomitatum.
1641 2209 1745 2258 Quia

34 2279 132 2304 vero
163 2265 396 2315 contingere
429 2264 545 2303 facile
576 2272 742 2315 poterat
766 2273 813 2302 ut
840 2265 909 2315 qui
929 2266 1168 2304 earumdem
1190 2266 1403 2317 Philippae
1427 2275 1469 2305 et
1491 2267 1746 2317 Marquesiae

35 2324 175 2363 affines
198 2332 315 2365 erant
337 2332 378 2362 et
400 2323 621 2374 propinqui
644 2324 834 2362 eumdem
857 2324 1194 2373 vicecomitatum
1217 2334 1450 2376 repeterent
1473 2341 1523 2365 ex
1544 2326 1632 2376 jure
1656 2341 1744 2365 suc-

35 2383 240 2431 cessionis,
262 2383 397 2421 visum
418 2383 498 2420 fuit
519 2382 709 2433 expedire
730 2383 839 2423 bono
860 2397 1062 2423 novorum
1084 2384 1375 2422 vicecomitum
1396 2393 1443 2423 ut
1465 2385 1742 2436 Aremburgis,

35 2442 246 2481 abbatissa
279 2441 544 2480 Clarissarum
577 2441 985 2492 Petragoricensium,
1019 2457 1123 2493 quae
1154 2458 1266 2481 soror
1297 2452 1386 2482 erat
1423 2444 1564 2483 Heliae
1597 2444 1743 2494 Talay-

33 2626 233 2658 pauperem
250 2614 431 2654 sciebatis,
453 2626 526 2647 non
546 2615 634 2647 meis
653 2614 883 2657 erigentibus
903 2616 1052 2655 meritis,
1074 2617 1185 2649 michi
1204 2617 1245 2649 (le
1263 2622 1378 2649 vestra
1400 2616 1621 2659 benignitate
1638 2616 1746 2650 solita

32 2669 260 2701 concessistis
280 2669 385 2711 quod,
407 2679 516 2711 quam
536 2668 605 2700 cito
626 2668 727 2701 vobis
746 2668 903 2711 facultas
924 2680 960 2701 se
980 2668 1131 2712 offerret,
1156 2681 1349 2712 personam
1371 2681 1487 2702 meam
1507 2670 1630 2712 aliquo
1654 2670 1744 2702 bono

36 2721 208 2764 beneficio
233 2722 396 2754 ditaretis
424 2721 502 2764 (Ch.
530 2721 573 2754 V.
601 2721 789 2764 Langlois‚
814 2722 1035 2755 Documents
1058 2723 1198 2766 relatiss
1223 2725 1244 2756 [ὶ
1268 2723 1452 2755 Bertrand
1475 2723 1515 2755 de
1546 2722 1621 2761 Gon,
1650 2723 1743 2755 dans

33 2774 154 2807 Revue
166 2775 374 2818 lzistorique,
391 2781 418 2808 t.
436 2787 486 2807 XL
505 2776 640 2817 (1889),
658 2787 692 2818 p.
707 2776 785 2817 50);
803 2775 848 2808 cf.
866 2776 965 2808 aussi
980 2776 1015 2808 la
1031 2776 1178 2819 preface
1195 2777 1244 2808 du
1263 2776 1470 2819 Regislrum
1485 2775 1681 2809 Clementis
1699 2776 1742 2817 V,

33 2839 222 2871 p.Lxxvr

81 2881 114 2914 1.
136 2881 185 2914 Le
205 2883 249 2914 ‘18
270 2893 368 2914 mars
388 2882 482 2914 1306
505 2881 679 2923 (clement
702 2881 742 2920 V,
764 2893 798 2914 n.
819 2882 917 2924 375).
939 2880 989 2914 Le
1009 2884 1129 2914 meme
1149 2883 1233 2924 jour
1256 2882 1302 2923 (n.
1330 2882 1429 2924 374),
1450 2882 1481 2914 le
1501 2893 1597 2925 pape
1617 2882 1648 2915 16
1669 2882 1742 2915 dis-

33 2945 149 2977 pensa
169 2935 212 2967 de
232 2935 371 2967 resider
389 2941 427 2967 et
446 2934 497 2966 lui
517 2935 644 2967 donna
663 2946 758 2978 pour
776 2935 964 2967 substitut
983 2936 1109 2978 Auger
1128 2936 1168 2968 de
1186 2935 1361 2974 Baslada,
1382 2935 1582 2974 chevalier,
1604 2936 1743 2979 auquel

33 2987 178 3020 Sanche
206 2988 334 3021 Garsie
361 2988 402 3021 de
427 2988 569 3021 Manas
593 2988 754 3021 succeda
779 2988 811 3020 le
839 2988 880 3020 21
910 2989 1002 3021 aeut
1028 2989 1118 3021 1311
1152 2989 1200 3030 (n.
1229 2988 1351 3031 7613).
1380 2987 1451 3021 Sur
1475 2988 1633 3021 Arnaud
1661 2989 1742 3022 voir

32 3041 221 3080 Anselme,
238 3047 264 3074 t.
280 3053 317 3080 11,
335 3053 370 3084 p.
387 3041 469 3080 173,
487 3047 513 3074 t.
529 3053 583 3080 1x‚
600 3053 635 3084 p.
652 3042 734 3081 382,
751 3048 789 3074 et
805 3040 966 3074 Clement
984 3041 1026 3081 V,
1044 3053 1078 3074 n.
1097 3042 1202 3074 5374.
