2083 3458
100 215 225 271 [823]
630 229 846 254 PAPARUM
884 225 1267 253 AVENIONENSIUM
1710 211 1794 254 327

87 314 297 364 episcopus
328 320 572 351 consecratus
603 320 692 349 ante
723 312 1004 362 promotionem
1034 325 1149 349 suam
1180 311 1231 348 ad
1261 310 1564 357 cardinalatum,
1600 310 1683 348 ideo
1716 326 1794 349 non

86 373 165 422 suit
196 373 276 410 sibi
309 372 540 410 commissus
573 371 712 408 titulus
744 363 982 420 episcopalis
1014 369 1279 420 supradictas.
1313 369 1513 407 Eamdem
1547 369 1597 407 ob
1627 384 1794 408 causam

89 431 343 482 postpositus
373 444 534 480 quoque
563 437 624 468 est
650 430 858 467 Bernardo
886 429 934 467 de
963 429 1081 466 Albia
1109 428 1298 478 episcopo
1327 428 1556 475 Portuensi,
1584 428 1797 479 Stephano

90 490 247 528 Alberti
280 489 458 528 Ostiensi
489 497 530 527 et
562 488 731 537 Aegidio
764 487 1006 525 Albornotio
1039 487 1266 534 Sabinensi,
1298 494 1345 524 ut
1384 486 1532 536 legitur
1570 486 1612 525 in
1651 488 1796 526 eodem

92 548 239 586 Ordine
266 549 457 595 Romano,
485 562 524 598 p.
554 547 642 585 435.

143 608 262 646 Anno
305 606 556 653 MCCCXLI,
597 605 843 644 Benedictus
884 619 992 655 papa
1033 605 1127 642 huic
1168 604 1384 643 Guillelmo
1426 605 1621 643 cardinali
1654 606 1793 644 Sancti

89 666 289 717 Stephani
317 666 359 703 in
388 665 523 704 Coelio
553 672 692 702 monte
723 664 927 702 commisit
968 672 1014 701 ut
1045 678 1137 701 cum
1167 662 1350 701 Casimiri
1384 663 1485 712 regis
1518 664 1709 703 Poloniae
1747 679 1794 703 ac

91 725 389 764 Cruciferorum
433 723 589 762 nuntiis
626 723 836 761 Avenione
874 722 1157 772 praesentibus
1204 722 1465 760 concordiam
1501 723 1718 770 stabiliret,
1749 731 1795 761 ut

90 785 142 822 ad
165 798 320 822 annum
344 783 458 830 1341,
484 782 500 831 ἓ
524 782 559 829 6,
584 782 725 820 scribit
748 782 1007 819 Abrahamus
1029 780 1219 818 Bzovius.
1245 781 1300 817 At
1323 781 1520 819 Odoricus
1539 782 1793 831 Raynaldus,

90 858 154 881 an.
178 843 281 890 eod.,
311 842 326 891 ἓ
348 842 410 889 40,
433 841 574 880 scribit
594 841 709 878 illum
730 849 946 890 propterea
968 839 1138 878 missum
1158 839 1280 877 fuisse
1302 840 1483 889 legatum
1504 840 1546 878 in
1568 841 1794 888 poloniam,

89 902 211 952 idque
232 901 274 939 in
296 901 475 950 margine
498 900 699 950 accepisse
722 914 761 938 se
785 899 903 937 docet
926 914 975 937 ex
996 899 1157 947 Regesto
1176 898 1388 936 Benedicti
1406 898 1433 936 1.

143 962 262 998 Anno
300 959 576 1005 MCCCXLII,
614 959 767 996 arbiter
803 959 954 996 electus
992 966 1054 995 est
1098 971 1180 995 una
1226 971 1319 995 cum
1361 958 1519 996 Joanne
1566 958 1795 997 Arelatensi

90 1019 394 1069 archiepiscopo
432 1026 473 1057 et
511 1017 760 1067 Raymundo
798 1017 846 1055 de
885 1017 1117 1061 Canilhaco,
1155 1016 1396 1066 praeposito
1419 1017 1710 1066 Magalonensi,
1748 1026 1795 1055 ut

89 1079 204 1117 litem
224 1078 431 1116 dirimeret
451 1091 555 1127 quae
576 1085 664 1115 erat
683 1076 789 1114 inter
810 1076 1072 1113 Guillelmum
1092 1075 1141 1114 de
1162 1075 1376 1121 Lauduno,
1398 1075 1637 1113 vestiarium
1658 1077 1795 1126 Maga-

89 1139 219 1184 lonae,
253 1145 294 1176 et
328 1136 542 1175 canonicos
577 1136 813 1173 claustrales
847 1149 967 1184 super
1008 1134 1238 1183 augmentis
1274 1148 1376 1183 quae
1411 1134 1543 1172 dictus
1577 1135 1794 1173 vestiarius

89 1197 242 1235 eisdem
271 1195 474 1234 canonicis
505 1195 600 1233 dare
630 1194 864 1232 tenebatur:
892 1193 1090 1232 Gariellus
1117 1193 1158 1230 in
1183 1192 1290 1230 Serie
1315 1193 1544 1242 praesulum
1570 1194 1794 1243 Astagaton„

89 1270 182 1306 pars
209 1256 261 1303 II,
283 1270 321 1305 p.
346 1255 407 1293 10.

142 1315 261 1353 Anno
297 1313 596 1359 MCCCXLIII,
633 1312 747 1350 dedit
783 1311 1031 1350 monasterio
1068 1310 1278 1350 Lesatensi
1313 1311 1517 1360 quaedam
1553 1311 1719 1350 monilia
1754 1320 1796 1350 et

89 1388 187 1412 vasa
224 1381 417 1423 argentea
453 1380 494 1411 et
530 1372 727 1410 ducentos
767 1371 939 1409 florenos
976 1371 1063 1408 auri
1099 1370 1151 1407 ad
1188 1369 1477 1408 celebrandum
1514 1370 1573 1408 bis
1610 1370 1651 1408 in
1686 1384 1795 1408 anno

89 1432 415 1470 anniversarium
431 1445 551 1469 suum
579 1430 618 1468 in
637 1430 781 1469 eodem
798 1429 1066 1473 monasterio;
1093 1437 1122 1467 t.
1142 1443 1213 1466 x111
1248 1428 1400 1466 Galliae
1417 1429 1546 1467 christ.
1572 1429 1795 1479 mnarum„

89 1492 163 1530 col.
194 1491 281 1539 179,
311 1490 424 1541 180}

143 1551 243 1589 Cum
270 1558 410 1588 autem
436 1563 544 1588 anno
571 1548 838 1595 MCCCXLV,
866 1548 1063 1595 Andreas,
1092 1547 1277 1586 Joannae
1303 1546 1465 1596 reginae
1492 1546 1649 1586 Siciliae
1676 1547 1796 1585 mari-

90 1618 170 1657 tus,
190 1609 392 1647 horrenda
411 1617 542 1647 morte
562 1607 748 1658 periisset
767 1615 807 1645 et
828 1607 1059 1645 Ludovicus
1088 1621 1158 1644 rex
1180 1605 1428 1656 Hungariae,
1449 1606 1575 1644 frater
1594 1606 1796 1653 Andreae,

91 1668 297 1706 Joannam
322 1668 444 1717 hujus
470 1667 627 1706 sceleris
654 1675 865 1705 auctorem
890 1681 973 1704 esse
1000 1666 1138 1716 palam
1163 1665 1407 1712 clamitaret,
1434 1679 1562 1714 eaque
1588 1665 1798 1703 accusatio

89 1728 141 1765 ad
168 1728 419 1766 Clementem
445 1727 502 1764 VI
529 1740 680 1776 papam
707 1725 843 1764 delata
870 1725 1027 1771 fuisset,
1053 1724 1118 1763 ille
1144 1724 1230 1774 ejus
1257 1724 1566 1773 inquisitionem
1592 1724 1798 1762 commisit

90 1786 306 1825 Guillelmo
330 1785 526 1824 cardinali
549 1785 597 1823 de
623 1785 745 1822 Aura.
771 1784 871 1823 Vide
896 1783 1119 1822 Odoricum
1143 1783 1421 1833 Raynaldum,
1445 1797 1510 1821 an.
1535 1783 1648 1830 1348,
1671 1784 1687 1832 ἓ
1711 1784 1734 1821 4
1756 1791 1798 1821 et

91 1845 205 1888 1349,
240 1845 257 1894 ἓ
286 1845 320 1883 7.

143 1904 261 1942 Anno
299 1904 554 1950 MCCCLIII,
597 1902 858 1941 Innocentius
896 1902 953 1939 VI
989 1902 1219 1940 Bertrando
1265 1901 1455 1951 episcopo
1496 1901 1709 1940 Sabinensi
1754 1909 1797 1939 et

89 1963 306 2001 Guillelmo
338 1962 536 2001 cardinali
567 1962 679 1999 tituli
711 1961 850 2000 Sancti
876 1961 1074 2011 Stephani
1105 1960 1147 1998 in
1179 1960 1313 1999 Coelio
1341 1968 1480 1998 monte
1513 1960 1718 1998 commisit
1748 1968 1797 1998 ut

89 2022 342 2072 inquirerent
363 2022 411 2060 de
432 2021 607 2059 veritate
629 2035 770 2059 eorum
791 2034 894 2070 quae
917 2020 1096 2058 Joannes
1132 2019 1459 2070 archiepiscopus
1482 2019 1796 2058 Mediolanensis

90 2081 290 2119 afferebat
312 2080 355 2119 in
377 2080 655 2119 defensionem
679 2079 894 2126 Matthaei,
916 2079 1108 2126 Galeacii,
1130 2079 1256 2117 Marci
1279 2087 1320 2117 et
1344 2078 1542 2128 Stephani
1566 2079 1613 2116 de
1632 2078 1795 2116 Viceco-

90 2140 258 2178 mitibus
298 2139 531 2186 Mediolani,
571 2153 746 2189 quorum
785 2152 953 2188 corpora
992 2139 1190 2176 hactenus
1230 2146 1347 2176 erant
1384 2137 1589 2187 insepulta
1626 2145 1796 2187 propter

80 2213 297 2254 >processus
319 2199 515 2237 adversus
537 2212 603 2236 eos
625 2198 755 2236 factos
777 2212 799 2235 a
821 2197 1096 2247 superioribus
1117 2196 1397 2247 pontificibus.
1420 2196 1651 2234 Literarum
1676 2196 1794 2233 Inno-

89 2258 225 2302 centii,
247 2272 351 2308 quae
372 2257 596 2295 admodum
617 2256 799 2307 prolixae
819 2264 929 2304 sunt,
952 2256 1229 2306 fragmentum
1249 2255 1373 2293 refert
1394 2254 1590 2293 Odoricus
1614 2254 1794 2304 Raynal-

89 2317 177 2364 dus,
205 2331 270 2355 an.
301 2316 415 2364 1353,
450 2316 467 2365 ξ
494 2316 556 2354 28.

141 2376 255 2414 Obiit
281 2390 388 2414 anno
415 2375 671 2422 MCCCLIII,
699 2375 763 2413 die
789 2374 912 2413 tertia
939 2374 1087 2412 mensis
1115 2373 1339 2412 decembris
1365 2381 1413 2410 ut
1439 2372 1579 2410 scribit
1606 2372 1793 2410 Contelo-

88 2435 181 2474 rius.
212 2435 259 2473 In
282 2434 513 2483 Necrotogio
538 2434 766 2472 monasterii
791 2433 1056 2480 Montisolivi,
1082 2433 1189 2470 unde
1215 2431 1428 2481 descripsit
1452 2431 1644 2468 laudatus
1670 2444 1792 2480 supra

89 2493 397 2545 Stephanotius,
417 2493 476 2531 ita
494 2493 672 2531 habetur
692 2508 699 2530 :
720 2493 840 2530 Anno
856 2492 1023 2529 Domini
1042 2490 1323 2538 MCCCLIII,
1345 2490 1462 2528 die...
1484 2489 1630 2527 mensis
1649 2490 1792 2527 decem-

91 2553 183 2601 bris,
203 2552 388 2602 migravit
404 2553 456 2590 ad
469 2552 688 2590 Dominam
707 2551 1053 2589 reverendissimas
1073 2550 1115 2587 in
1134 2549 1288 2587 Christo
1302 2557 1412 2599 pater
1429 2548 1614 2586 dominas
1632 2547 1792 2585 Guillel-

88 2626 176 2650 mus
199 2612 305 2649 titali
331 2611 467 2649 Sancti
494 2611 685 2661 Stephani
711 2610 754 2648 in
778 2610 910 2648 Coelio
935 2617 1061 2647 monte
1086 2609 1252 2646 Sanctae
1273 2608 1475 2645 Romanae
1495 2607 1691 2644 Ecclesiae
1710 2621 1791 2644 car—

88 2671 237 2708 dinalis
263 2670 461 2720 presbyter
488 2669 753 2717 NIontisolivi,
783 2669 979 2719 quondam
1002 2667 1125 2705 abbas
1151 2667 1272 2716 bajas
1295 2666 1535 2713 monasterii,
1564 2674 1598 2703 et
1621 2665 1722 2714 jacet
1749 2665 1792 2702 in

88 2729 156 2767 hoc
175 2729 409 2767 monasterio
429 2737 518 2767 ante
537 2729 658 2766 altare
681 2729 780 2766 beati
804 2727 1002 2765 Johannis
1023 2725 1240 2776 Baptistae.
1264 2725 1363 2774 Ejus
1385 2725 1658 2775 sepulchrum,
1681 2723 1792 2774 quod

87 2797 175 2827 erat
194 2787 235 2826 in
256 2787 389 2826 medio
411 2787 534 2835 chori,
556 2787 814 2826 destructum
834 2795 895 2825 est
915 2800 938 2823 a
959 2784 1218 2823 Calvinistisj
1232 2785 1277 2821 In
1297 2784 1440 2822 eodem
1461 2782 1692 2831 Necrologio
1711 2782 1791 2820 ista

88 2861 250 2897 quoque
271 2847 463 2896 leguntur
483 2846 535 2884 ad
558 2846 665 2884 diem
687 2861 759 2884 xm
781 2847 860 2884 kal.
882 2844 987 2895 junii
1009 2859 1016 2881 :
1046 2843 1230 2880 Generale
1250 2842 1420 2893 officiam
1441 2856 1511 2892 pro
1532 2841 1670 2879 anima
1691 2855 1791 2879 reve-

136 2984 168 3017 1.
184 2984 227 3017 A.
245 2983 414 3023 Theiner,
429 2983 672 3017 Monumenta
683 2983 855 3016 historica
867 2982 1053 3021 Poloniae,
1069 2987 1094 3015 t.
1106 2993 1130 3021 1,
1144 2993 1179 3025 p.
1191 2980 1262 3014 435
1281 2980 1391 3023 (bulle
1407 2980 1457 3012 du
1471 2979 1515 3012 18
1528 2978 1651 3022 juillet
1665 2978 1788 3022 1341).

91 3036 242 3070 Rinaldi
269 3048 307 3070 se
334 3042 493 3080 trompe,
522 3048 585 3069 car
609 3037 645 3069 la
672 3036 770 3070 bulle
797 3035 950 3078 indique
977 3046 1049 3078 que
1076 3034 1111 3067 la
1138 3034 1320 3067 concorde
1347 3032 1514 3066 s’etablit
1540 3043 1586 3064 en
1612 3030 1788 3075 Avignon

88 3091 220 3123 meme.
