2083 3458
260 253 345 296 330
912 269 1065 294 NOTAE
1099 269 1160 294 AD
1194 269 1322 295 vlTAs
1846 254 1971 309 [825]

264 353 526 404 (Suppliques
563 354 607 391 de
635 353 809 391 Clement
841 353 913 401 VI,
944 353 1071 401 Paris,
1103 351 1216 402 1906,
1246 368 1285 403 p.
1310 353 1368 403 Χι)
1399 355 1422 392 a
1456 355 1628 392 emettre
1664 353 1863 404 l’opinion
1894 368 1971 404 que

261 412 644 462 l'enregistrement,
667 412 807 450 decide
829 427 919 450 vers
942 412 980 450 la
1006 412 1063 450 fin
1085 412 1139 450 du
1162 412 1383 462 pontificat
1405 412 1454 451 de
1476 413 1624 451 Benoit
1648 413 1747 461 XII,
1771 413 1886 451 avait
1909 415 1972 451 ete

261 472 336 510 mis
356 474 378 509 a
397 471 614 510 execution
632 486 724 509 sous
744 486 816 509 son
834 486 1079 510 successeur.
1101 471 1213 509 Dans
1231 486 1287 509 un
1306 486 1483 522 ouvrage
1502 472 1768 522 subsequent,
1787 473 1822 510 le
1841 474 1972 511 meme

260 539 409 569 auteur
434 531 535 569 croit
562 545 639 580 que
664 545 679 565 «
702 528 977 568 l’inno'vation
1001 530 1228 569 introduite
1253 545 1327 581 par
1350 531 1498 569 Benoit
1525 531 1610 569 XII
1635 531 1771 569 aurait
1796 531 1973 569 consiste

259 592 283 628 a
308 590 502 640 prescrire
527 590 565 627 la
590 589 886 640 transcription
909 589 1107 639 integrale
1133 590 1202 628 des
1222 590 1479 640 suppliques;
1502 605 1518 626 ›>
1540 590 1783 641 Suppliques
1809 590 1972 628 d’Inno·

258 658 344 687 cent
371 649 443 697 VJ,
470 649 595 696 Paris,
622 649 735 697 1911,
759 663 799 699 p.
826 664 961 687 xl-xn.
988 649 1063 687 Sur
1085 649 1123 686 la
1148 649 1339 699 question
1362 652 1660 697 controversee‚
1684 650 1774 688 voir
1796 649 1973 687 Bulletin

258 709 435 758 critique,
459 708 573 756 1908,
595 723 633 758 p.
657 708 745 755 381,
762 708 838 746 382
860 716 901 746 et
920 708 974 746 Le
995 709 1145 758 Moyen
1165 708 1263 757 Age,
1287 708 1401 757 1912,
1423 724 1462 759 p.
1486 708 1677 756 269-2713
1702 709 1753 747 H.
1768 709 1972 757 Bresslau,

259 768 487 805 Handbuch
511 768 576 805 der
606 767 940 815 Urlcundenlehre,
966 767 1143 818 Leipzig,
1171 767 1285 816 1915,
1311 775 1340 805 t.
1365 782 1406 815 11,
1432 783 1470 818 p.
1499 768 1560 816 13,
1586 768 1646 806 14.

314 828 356 865 Ρ.
375 827 539 877 213,lig.
552 826 612 864 26.
628 826 876 864 NICOLINUM
894 841 1055 865 DICTUM
1075 841 1367 865 CARDINALEM.
1386 827 1622 865 Illumanno
1638 827 1971 866 MCCCXXVIII

260 886 431 925 missum
459 901 543 924 esse
572 900 594 924 a
624 886 908 925 Genuensibus
938 886 990 924 ad
1022 886 1240 936 Hugonem
1267 900 1403 936 regem
1432 886 1555 937 Cypri
1582 901 1656 937 pro
1686 887 1970 937 componenda

260 945 539 984 controversia
569 959 694 995 quam
724 945 957 984 Genuenses
987 960 1081 983 cum
1109 960 1154 984 eo
1183 946 1396 984 habebant
1423 946 1553 984 tradit
1582 961 1632 984 ex
1659 946 1821 995 Regesto
1846 946 1970 984 Joan-

259 1004 320 1042 nis
346 1005 487 1043 XXII.
515 1004 713 1043 Odoricus
740 1005 996 1054 Raynaldus,
1021 1019 1130 1043 anno
1154 1005 1268 1053 1328,
1298 1005 1314 1054 ἓ
1336 1005 1399 1043 86.

315 1064 432 1102 Hanc
456 1063 673 1102 historiam
696 1078 746 1102 ex
769 1064 846 1102 hoc
871 1072 1012 1102 nostro
1036 1064 1233 1115 scriptore
1259 1065 1468 1103 enarravit
1500 1064 1580 1103 suis
1605 1063 1740 1103 verbis
1768 1064 1970 1103 Henricus

259 1123 519 1173 Spondanus,
542 1137 606 1161 an.
631 1123 745 1171 1341,
774 1123 790 1172 ξ
811 1123 847 1161 3.

313 1182 355 1220 Ρ.
387 1182 475 1230 213,
504 1182 570 1232 lig.
601 1182 662 1220 32.
695 1183 953 1221 JOHANNEM.
984 1183 1058 1221 Les
1087 1183 1275 1232 registres
1305 1183 1353 1222 de
1381 1183 1559 1221 Vatican
1586 1182 1843 1233 temoignent
1871 1183 1971 1233 qu’il

256 1241 476 1292 s⁷appelait
490 1242 691 1291 Berenger
707 1242 881 1290 Cotarel,
899 1243 974 1281 sire
992 1242 1040 1281 de
1057 1242 1244 1280 Camont.
1264 1242 1328 1280 En
1344 1242 1458 1289 1339,
1474 1257 1532 1281 un
1547 1242 1595 1281 de
1611 1257 1671 1281 ses
1688 1242 1971 1280 subordonnes

256 1301 372 1338 avait
403 1301 496 1351 deja
528 1301 696 1340 commis
727 1315 783 1339 un
814 1309 1000 1340 attentat
1030 1316 1098 1339 sur
1127 1302 1166 1339 la
1196 1316 1396 1352 personne
1428 1301 1476 1340 de
1503 1302 1607 1340 Jean
1633 1301 1791 1340 Fieschi
1819 1301 1970 1352 (Vidal,

257 1374 295 1398 n.
335 1360 466 1410 7579).
505 1361 579 1398 Les
615 1360 736 1399 livres
774 1361 822 1399 de
859 1369 1043 1411 comptes
1080 1369 1283 1399 attestent
1320 1361 1446 1411 qu’on
1480 1361 1684 1399 instruisit
1720 1375 1796 1399 son
1829 1364 1969 1411 proces

257 1419 455 1468 (Schafer,
482 1419 674 1457 Benedilrt
696 1420 804 1468 XII,
830 1435 869 1470 p.
897 1420 988 1469 225)
1015 1429 1056 1458 et
1082 1420 1182 1470 qu’il
1207 1420 1309 1458 etait
1333 1428 1442 1458 mort
1466 1428 1596 1458 avant
1619 1421 1654 1459 le
1681 1420 1730 1458 28
1753 1420 1841 1470 juin
1869 1419 1970 1459 1340

257 1478 387 1527 (ibid,
407 1493 445 1529 p.
468 1478 572 1527 113).
595 1479 734 1527 Quant
753 1481 775 1517 a
794 1494 854 1518 ses
874 1487 1069 1529 sergents,
1088 1479 1136 1518 ils
1155 1479 1365 1530 perdirent
1382 1480 1468 1518 leur
1487 1480 1633 1529 charge
1654 1479 1783 1530 (ibid,
1802 1494 1842 1530 p.
1865 1479 1969 1529 112).

257 1537 333 1575 Sur
355 1538 557 1587 Berenger
580 1538 755 1585 Cotarel,
779 1538 868 1576 voir
891 1536 1025 1586 Vidal,
1050 1547 1079 1577 t.
1103 1553 1159 1587 111,
1183 1554 1222 1589 p.
1248 1538 1310 1577 31.

310 1597 353 1635 P.
371 1596 460 1644 213,
477 1597 542 1647 lig.
560 1597 622 1635 36.
641 1597 889 1636 PROCEssus
905 1612 1168 1636 TERRIBILES.
1188 1599 1348 1636 Extant
1362 1597 1401 1635 in
1418 1598 1589 1636 Archivo
1605 1598 1969 1649 episcopijAlbien-

254 1656 467 1702 sis3-unde
499 1671 570 1695 nos
602 1658 838 1707 exemplum
866 1657 1080 1705 habemus,
1113 1658 1223 1707 quod
1263 1657 1400 1695 daturi
1439 1672 1578 1695 sumus
1617 1658 1660 1695 in
1693 1658 1920 1708 appendice
1942 1657 1969 1696 Ἰ.

312 1716 354 1753 Ρ.
372 1715 540 1765 215,lig.
558 1715 617 1754 15.
636 1715 883 1754 THIBIARUM
901 1731 1192 1755 INFIRMITATE.
1210 1717 1258 1766 Inv
1271 1716 1400 1755 veteri
1418 1717 1521 1755 libro
1537 1731 1611 1755 ms.
1628 1717 1826 1767 inscripto
1841 1717 1972 1754 Arbor

257 1774 482 1824 genealogie
517 1789 653 1824 regum
680 1775 928 1813 Francorum
955 1776 1055 1814 haec
1090 1777 1284 1826 leguntur
1313 1793 1320 1814 :
1349 1776 1431 1814 Hic
1456 1791 1566 1826 papa
1593 1776 1830 1814 Benedictus
1865 1790 1971 1814 anno

253 1833 421 1871 Domini
446 1834 693 1881 MCCCXL,
715 1834 972 1884 pontificatus
989 1835 1054 1872 sui
1075 1850 1182 1873 anno
1203 1843 1320 1883 sexto,
1344 1835 1572 1885 infirmatur
1598 1835 1829 1885 infirmitate
1854 1835 1970 1873 tibia-

256 1907 345 1930 rum
363 1892 390 1940 2,
412 1893 470 1931 sic
492 1894 593 1943 quod
614 1908 692 1931 non
714 1902 862 1943 poterat
883 1908 963 1931 esse
986 1894 1029 1932 in
1051 1895 1293 1933 consistorio.
1323 1895 1435 1933 Unde
1456 1895 1508 1932 ad
1533 1894 1767 1932 instantiam
1789 1894 1970 1932 cardina-

255 1951 357 1989 lium
379 1952 504 1990 tenuit
526 1952 662 2002 aliqua
684 1953 918 1991 consistoria
941 1954 1141 2002 generalia
1163 1955 1293 1992 eodem
1315 1969 1434 2001 anno,
1459 1968 1588 1991 mense
1616 1948 1727 2004 julii,
1753 1954 1796 1991 in
1818 1969 1971 1992 camera

255 2025 343 2058 sua,
363 2012 499 2049 sedens
519 2025 621 2049 more
639 2012 876 2062 pontificum
896 2013 939 2050 in
957 2014 1048 2050 lecto
1067 2028 1150 2051 suo,
1171 2013 1223 2051 Et
1242 2014 1342 2051 inter
1360 2021 1481 2051 cetera
1501 2013 1544 2050 in
1562 2013 1792 2051 consistorio
1811 2013 1970 2063 publico

257 2070 300 2107 in
319 2071 424 2118 lecto,
448 2079 488 2108 ut
506 2071 725 2120 predictum
745 2080 811 2119 est,
833 2072 1019 2110 celebrato
1039 2072 1323 2121 Bononienses,
1346 2073 1413 2123 qui
1431 2072 1506 2110 sub
1528 2073 1638 2121 gravi
1658 2073 1970 2110 excommunica-

253 2129 359 2167 tione
373 2138 407 2167 et
421 2130 666 2168 anathemate
687 2139 844 2181 propter
861 2131 1107 2169 invasionem
1122 2140 1155 2169 et
1170 2132 1485 2182 depredationem
1510 2132 1728 2169 cardinalis
1743 2132 1970 2169 Hostiensis

253 2189 466 2238 apostolice
489 2189 602 2227 Sedis
623 2190 741 2238 legati
763 2191 904 2228 detenti
924 2191 1083 2239 fuerant
1104 2191 1239 2228 multis
1261 2191 1394 2239 annis,
1417 2191 1595 2238 absolvit,
1618 2191 1781 2228 emenda
1801 2199 1836 2229 et
1854 2191 1969 2229 satis-

252 2247 425 2296 factione
448 2257 611 2298 recepta.

311 2307 353 2345 P.
380 2307 469 2355 216,
486 2308 552 2357 lig.
578 2307 613 2346 3.
639 2308 836 2346 COMITEM
865 2309 1110 2347 NovALIUM.
1139 2310 1202 2347 Ita
1226 2310 1412 2360 profecto
1435 2309 1562 2347 habet
1578 2310 1707 2347 codex
1728 2309 1968 2357 Vaticanus,

252 2380 306 2404 ex
327 2380 407 2415 quo
427 2367 507 2405 ista
529 2367 746 2406 ediderunt
768 2368 966 2406 Odoricus
990 2368 1260 2417 Rayndaldus
1279 2368 1294 2390 3
1314 2377 1355 2407 et
1377 2368 1522 2407 Daniel
1544 2368 1861 2418 Papebrochius.
1886 2368 1969 2407 Nos

254 2425 364 2463 enim
388 2440 481 2464 cum
505 2426 603 2464 certi
627 2441 711 2465 esse
735 2427 931 2466 vellemus
956 2428 1004 2465 de
1029 2428 1231 2478 scriptura
1255 2428 1403 2466 veteris
1426 2427 1531 2476 libri,
1556 2427 1688 2477 deque
1712 2442 1758 2466 ea
1781 2442 1822 2466 re
1846 2426 1969 2478 scrip-

256 2485 447 2522 sissemus
483 2485 535 2522 ad
572 2485 943 2524 eminentissimum
980 2487 1229 2525 cardinalem
1268 2487 1568 2536 Hieronymum
1604 2487 1867 2534 Casanatam,
1903 2487 1969 2525 ille

256 2543 424 2582 mittens
450 2544 585 2582 varias
609 2545 804 2583 lectiones
834 2545 956 2595 hujus
988 2546 1100 2583 Vitae
1124 2546 1327 2584 Benedicti
1352 2560 1402 2584 ex
1429 2546 1566 2584 codice
1592 2545 1807 2594 Vaticano,
1834 2547 1969 2596 plures

304 2717 337 2749 1.
356 2716 505 2756 Baluze,
525 2723 550 2750 t.
568 2729 618 2757 111,
638 2729 672 2761 p.
692 2718 862 2751 483-486.

307 2770 336 2802 2.
362 2769 442 2802 Une
466 2769 566 2813 piece
588 2770 748 2804 extraite
772 2772 834 2804 des
857 2771 1026 2804 archives
1050 2772 1391 2816 departementales
1414 2772 1458 2805 de
1481 2771 1666 2805 Vaucluse
1689 2778 1796 2815 porte
1818 2784 1860 2805 ex
1880 2771 1967 2805 tibie

254 2822 372 2854 dolore
396 2822 447 2864 (L.
472 2823 670 2863 Duhamel,
691 2824 741 2856 Le
760 2824 926 2857 tombeau
945 2825 986 2858 de
1004 2825 1133 2858 Benoit
1151 2825 1248 2865 XII,
1272 2825 1381 2865 Caen,
1404 2826 1510 2865 1888,
1532 2837 1566 2869 p.
1589 2826 1609 2858 3
1630 2831 1668 2858 et
1687 2825 1964 2858 Albanes-Che—

259 2875 384 2913 valler,
413 2875 533 2908 Gallia
551 2876 753 2909 christiana
772 2878 983 2918 novissima,
1005 2885 1030 2912 t.
1054 2890 1115 2919 vn,
1136 2890 1171 2912 n.
1194 2879 1314 2922 1285).

307 2930 338 2961 3.
368 2928 518 2961 Rinaldi
548 2930 607 2971 (ad
633 2941 690 2963 an.
718 2931 823 2970 1334,
855 2931 967 2974 §46).
997 2931 1099 2964 Dans
1133 2943 1205 2965 une
1239 2932 1349 2964 lettre
1379 2932 1548 2964 adressee
1574 2943 1621 2965 au
1655 2931 1709 2965 roi
1734 2932 1778 2964 de
1815 2931 1964 2975 Naples⁷

259 2980 290 3012 lc
308 2982 350 3012 20
366 2992 464 3013 mars
481 2983 572 3014 1335
593 2982 726 3024 (Vidat
745 2983 876 3023 Closes,
894 2996 928 3017 n.
947 2985 1043 3028 121),
1060 2985 1196 3018 Benoit
1212 2985 1290 3017 XII
1305 2984 1355 3017 lui
1372 2985 1556 3018 adressait
1571 2985 1634 3017 des
1649 2984 1965 3024 remerciements‚

258 3044 368 3075 super
384 3035 535 3075 provida
552 3036 715 3068 custodia
731 3036 897 3069 clausure
913 3043 1008 3070 cetus
1024 3038 1165 3081 collegii
1183 3037 1404 3081 qu'avaient
1421 3039 1572 3071 exercee
1589 3049 1645 3071 ses
1664 3038 1964 3077 ambassadeurs,

260 3086 281 3117 a
301 3086 426 3118 savoir
446 3087 686 3130 Barthe'lcmy
718 3090 951 3133 archeveque
974 3092 1017 3123 de
1040 3091 1163 3130 Trani,
1185 3091 1372 3124 Bertrand
1403 3091 1446 3124 de
1478 3091 1597 3130 Baux,
1620 3091 1784 3134 Jacques
1815 3091 1859 3123 de
1890 3088 1968 3123 San

258 3138 438 3171 chcrino
462 3147 582 3173 comte
607 3140 649 3173 (lc
675 3141 951 3183 Chiaromonte‚
979 3143 1126 3177 Nicolas
1151 3145 1194 3177 de
1218 3144 1361 3185 Mar-ra,
1384 3144 1454 3177 sire
1478 3145 1521 3177 de
1545 3143 1672 3177 Castro
1695 3143 1837 3178 Sereno.
