2083 3458
307 216 354 254 ’.ΞΥ
350 217 388 254 ι..)
957 227 1107 251 NOTAE
1144 227 1203 251 AD
1239 226 1365 250 x'1TAs
1889 211 2012 266 [742]
2062 171 2083 237 s

310 315 512 353 veteribus
539 313 694 351 schedis
721 311 1036 350 constitutiones
1062 310 1113 347 ab
1138 324 1183 348 eo
1209 309 1340 347 editas
1364 308 1406 347 in
1429 309 1561 360 prima
1586 309 1743 360 synodo
1768 310 1820 348 ab
1845 324 1891 349 eo
1916 299 2041 362 cele-l

310 376 439 421 brata,
468 373 510 411 in
540 386 618 422 qua
650 371 913 410 confirmavit
941 368 1250 407 Constitutiones
1279 382 1446 406 suorum
1473 368 1834 419 praedecessorum
1862 367 2025 420 episcoss

308 446 451 482 porum
477 429 842 470 Lemovicensium.
872 429 982 467 Inter
1006 436 1139 467 cetera
1163 441 1259 465 vero
1283 426 1339 466 sic
1363 428 1512 466 statuit
1536 427 1584 467 de
1612 428 1979 468 excommunicatis
2004 442 2009 471 ι

310 493 403 530 Item
430 491 661 529 ordinamus
686 489 786 539 quod
808 487 1024 538 presbyteri
1046 501 1116 525 seu
1140 486 1280 534 curati,
1304 486 1341 524 si
1366 486 1410 524 in
1432 501 1566 525 eorum
1589 487 1761 526 ecclesiis
1783 487 1866 526 sint
1888 487 2012 539 aliqui

306 548 644 596 cavomnnznicati,
672 548 773 598 quod
799 547 841 585 in
865 547 960 596 festo
986 545 1163 584 Paschae
1188 546 1267 583 loco
1292 545 1526 600 receptionis
1551 547 1725 597 corporis
1751 546 1902 585 Christi
1927 547 2013 586 dent

305 611 362 647 eis
392 623 535 659 panem
569 607 823 654 benedictum,
856 614 896 644 ut
925 620 994 656 per
1024 605 1139 643 talem
1168 604 1394 643 silationem
1423 613 1616 656 appareat
1645 604 1876 644 hominibus
1907 605 2013 657 ipsos

305 677 502 718 separatos
528 681 608 705 esse
631 681 655 704 a
679 665 864 716 fidelitate
888 663 1117 703 christiana.
1142 663 1318 702 Videtur
1340 672 1482 703 autem
1503 664 1546 702 in
1575 664 1719 704 eadem
1750 665 1909 715 synodo
1933 673 2012 704 sta—

305 729 428 766 tuisse
464 727 515 764 ad
549 725 679 763 instar
713 724 918 774 Aymerici
953 723 1294 772 deMalamorte,
1330 723 1549 762 decessoris
1584 724 1659 772 sui,
1695 723 1848 762 festum
1882 723 2012 763 sancti

304 786 501 836 Stephani
526 783 908 823 Grandimontensis
932 796 1025 821 cum
1055 796 1206 821 novem
1235 781 1479 822 lectionibus
1512 782 1706 822 celebrari
1738 797 1776 822 vx
1797 783 1888 822 idus
1911 783 2010 822 febr.

302 847 342 883 in
369 844 556 883 omnibus
583 843 758 882 ecclesiis
785 842 1013 881 dioeceseos
1034 841 1348 881 Lemovicensis.
1374 842 1534 881 Extant
1553 842 1640 892 ejus
1664 842 1713 881 de
1735 856 1782 881 ea
1805 857 1846 882 re
1871 843 2012 882 literae

301 906 423 942 datae
456 903 494 941 in
530 902 687 953 synodo
720 901 864 940 habita
897 915 1005 939 anno
1039 901 1352 951 MCCXCVIII,
1378 901 1441 972 die
1472 901 1579 951 jovis
1611 909 1707 952 post
1740 901 2012 941 Pentecosten

304 963 342 1012 [ss
359 962 486 1012 juin}

357 1023 473 1059 Xnno
498 1020 801 1068 MCCXCVIII,
828 1034 896 1058 v111
922 1020 1000 1058 kal.
1024 1020 1098 1070 jul.
1135 1019 1199 1070 [25
1222 1018 1351 1070 juin]‚
1370 1019 1448 1057 fuit
1467 1020 1578 1070 apud
1602 1020 2011 1069 Grandemmontem,

303 1090 348 1119 ut
384 1081 530 1119 docent
567 1087 782 1129 sequentes
816 1079 959 1118 literae
995 1095 1002 1117 :
1039 1077 1124 1116 Nos
1158 1078 1419 1128 Reginaldus,
1451 1079 1528 1117 Dei
1563 1079 1692 1128 gratia
1723 1079 2014 1117 Lemovicensis

301 1140 523 1190 episcopus,
547 1147 681 1176 notum
697 1138 870 1188 facimus
889 1137 1086 1176 universis
1101 1138 1213 1188 quod,
1235 1138 1323 1176 licet
1339 1138 1450 1188 apud
1470 1137 1794 1176 Grandimontem
1807 1138 2014 1188 aliquoties

299 1200 543 1246 accedamus,
570 1198 677 1235 nullo
698 1197 786 1247 jure
809 1206 843 1235 et
864 1197 1099 1248 prelationis
1123 1197 1272 1235 deverio
1298 1197 1444 1235 ibidem
1468 1197 1581 1236 nobis
1605 1197 1732 1235 debito
1755 1206 1790 1236 et
1810 1197 2014 1247 assignato

304 1258 445 1296 [bidem
466 1258 509 1295 de
527 1257 721 1295 voluntate
737 1256 886 1307 prioris
902 1265 936 1295 et
953 1265 1162 1294 conventus
1186 1256 1485 1295 Grandimontis
1503 1265 1656 1295 tantum
1673 1256 1796 1307 recipi
1814 1256 2014 1295 caritative

301 1318 481 1367 fatemur,
514 1317 683 1354 nolentes
710 1330 780 1366 per
809 1316 932 1354 nostri
959 1316 1200 1366 presentiam
1229 1315 1322 1354 dicti
1351 1316 1424 1354 loci
1453 1316 1701 1354 libertatibus
1728 1324 1763 1354 et
1789 1315 2014 1366 privilegiis

305 1377 428 1415 ullum
449 1375 634 1414 novitatis
654 1375 801 1413 notorie
820 1375 1089 1425 prejudicium
1108 1375 1298 1425 pretendi.
1323 1375 1373 1413 In
1394 1375 1509 1426 cujus
1530 1375 1586 1413 rei
1611 1375 1880 1414 testimonium
1902 1375 2014 1425 sigil-

300 1437 384 1473 lum
401 1443 575 1473 nostrum
590 1434 839 1485 presentibus
853 1434 992 1473 litteris
1008 1435 1161 1485 apponi
1175 1434 1353 1484 fecimus.
1368 1435 1518 1472 Datum
1535 1434 1577 1472 in
1599 1434 1881 1473 Grandimonte
1902 1434 2015 1472 VIII

303 1495 378 1533 lfal.
397 1494 505 1544 julii,
525 1508 630 1531 anno
644 1494 812 1531 Domini
829 1493 1162 1532 MCCXCVIII.

355 1555 473 1592 &nno
506 1553 655 1602 MCCC,
687 1554 867 1592 elevavit
898 1568 1043 1603 corpus
1075 1568 1104 1592 s.
1138 1553 1312 1592 Mariani
1343 1554 1454 1603 apud
1495 1553 1557 1591 Ev
1550 1552 1741 1591 aonium.
1779 1553 2012 1592 Bernardus

303 1613 500 1651 Guidonis
532 1612 574 1650 in
602 1585 848 1650 Nominibus
872 1621 1098 1650 sanctorum
1119 1612 1409 1650 Lemovicensis
1431 1612 1650 1650 dioecesis
1674 1612 1828 1650 ·Anno
1845 1612 2012 1650 Domini

303 1671 458 1710 MCCC
478 1672 679 1710 dominica
698 1672 832 1722 prima
852 1672 1014 1721 augusti
1033 1671 1113 1721 fuit
1133 1686 1275 1722 corpus
1299 1671 1398 1710 beati
1419 1671 1608 1710 Mariani
1627 1672 1739 1722 apud
1757 1671 2011 1710 Euvaonium

302 1732 345 1769 cle
372 1732 519 1782 pariete
556 1731 722 1779 ecclesie,
754 1730 823 1769 ubi
852 1731 922 1769 diu
949 1732 1333 1780 steterat‚<elevatum
1360 1731 1412 1769 acl
1437 1730 1710 1769 sublimiorem
1737 1731 1865 1769 locum
1900 1739 1934 1769 et
1971 1731 2014 1769 in

300 1805 422 1841 capsa
451 1798 634 1839 argentea
663 1790 836 1840 pretiosa
865 1789 1078 1840 honorifice
1107 1798 1141 1828 et
1170 1790 1422 1841 solempniter
1452 1790 1679 1828 collocatum
1707 1804 1778 1841 per
1808 1790 2014 1828 dominum

302 1850 568 1899 Reginaldum
590 1849 628 1887 la
650 1851 771 1888 Porta
791 1849 1022 1900 episcopum
1043 1849 1369 1899 Lemovicensem,
1393 1857 1544 1915 astante
1577 1849 1737 1900 copiosa
1759 1849 2012 1888 multitudine

302 1909 392 1947 cleri
419 1917 451 1947 et
476 1908 617 1959 populi
643 1923 688 1946 ac
714 1908 989 1958 religiosorum
1015 1908 1200 1947 virorum.

358 1969 403 2006 In
446 1968 612 2006 archivo
655 1967 832 2005 fratrum
874 1968 1213 2007 praedicatorum
1255 1967 1641 2007 Carcassonensium
1682 1975 1830 2006 extant
1869 1968 2011 2007 literae

304 2027 522 2075 Rainaudi,
547 2027 726 2077 episcopi
749 2027 1065 2076 Lemovicensis‚
1090 2027 1213 2066 datae
1237 2027 1464 2066 Lemovicis
1489 2027 1553 2066 die
1575 2026 1719 2065 martis
1742 2034 1837 2077 post
1859 2026 2012 2065 festum

302 2086 412 2124 beati
437 2085 583 2125 Jacobi
617 2085 681 2136 [27
703 2086 861 2137 juillet]
889 2100 996 2124 anno
1023 2086 1188 2125 Domini
1212 2086 1400 2136 MCCCV,
1425 2086 1467 2124 in
1492 2086 1640 2137 quibus
1664 2094 1838 2125 vocatur
1861 2099 2010 2124 conser-

302 2154 407 2183 vator
426 2144 727 2195 privilegiorum
745 2160 770 2183 a
788 2145 917 2195 felicis
936 2145 1217 2184 recordationis
1237 2146 1396 2184 domino
1415 2145 1625 2184 Benedicto
1641 2145 1838 2196 quondam
1856 2159 2010 2183 summo

301 2205 411 2254 ponti
417 2203 485 2254 fiee
507 2204 703 2253 religiosis
725 2204 823 2242 viris
841 2204 1035 2254 fratribus
1056 2205 1210 2243 ordinis
1231 2205 1556 2244 Praedicatorum
1573 2205 1622 2243 ‘in
1642 2204 1849 2255 provincia
1873 2204 2010 2243 Tholo-

301 2278 401 2301 sana
423 2263 597 2300 Domino
622 2263 915 2312 famulantibus
941 2278 1221 2302 concessorum.

354 2323 472 2360 Anno
498 2322 691 2369 MCCCX,
716 2323 862 2361 fratres
887 2323 1195 2362 Praedicatores
1218 2323 1446 2362 introducti
1470 2331 1568 2361 sunt
1582 2322 1625 2360 in
1646 2322 1845 2373 oppidum
1870 2322 2009 2361 Sancti

303 2381 470 2420 „Iuniani
502 2381 694 2420 dioecesis
726 2381 1040 2421 Lemovicensis.
1063 2382 1296 2421 Bernardus
1328 2382 1526 2421 Guidonis
1556 2382 1598 2419 in
1620 2381 1805 2420 Historia
1826 2376 2010 2432 ejusdem

303 2440 565 2478 nionasterii²
578 2440 855 2478 :Venerabilis
872 2449 982 2491 pater
999 2441 1184 2479 dominus
1201 2441 1462 2490 Regfflaldus,
1480 2440 1770 2479 Lemovicensis
1786 2441 2009 2491 episcopus,

303 2499 519 2537 introduxit
549 2508 778 2537 conventum
810 2499 853 2537 in
882 2500 1010 2538 locum
1038 2514 1158 2538 suum
1188 2500 1493 2538 conventualiter
1513 2514 1603 2538 cum
1631 2499 1904 2550 solempnitate
1934 2513 2011 2550 qua

304 2558 429 2595 fles-uit
453 2567 483 2594 et
509 2558 717 2606 devotione,
744 2573 832 2596 cum
855 2559 1100 2608 processione
1124 2558 1404 2598 canonicorum
1427 2566 1462 2597 et
1482 2558 1652 2608 fratrum
1676 2558 1900 2605 Minorum,
1925 2572 2010 2609 pre-

303 2625 405 2653 sente
428 2618 523 2654 clero
547 2625 580 2654 et
601 2618 748 2667 populo
773 2618 816 2655 in
839 2617 1091 2656 multitudine
1114 2617 1285 2668 copiosa,
1310 2626 1344 2656 et
1367 2618 1513 2656 ibidem
1534 2617 1787 2668 solempniter
1809 2616 2012 2655 celebravit

302 2684 335 2712 et
369 2690 496 2712 coram
528 2690 567 2713 se
600 2676 797 2725 predicari
825 2676 917 2725 fecit
947 2676 1105 2714 verbum
1138 2676 1300 2724 Christi,
1324 2676 1525 2714 dominica
1547 2676 1655 2726 infra
1685 2684 1859 2714 octavam
1884 2675 2010 2714 sancti

306 2734 491 2781 Martini,
516 2733 688 2772 videlicet
715 2735 851 2773 XVII
874 2735 950 2774 kal.
977 2736 1201 2783 decembris,
1233 2750 1339 2773 anno
1362 2735 1530 2773 Domini
1562 2743 1763 2786 pretaxato
1799 2734 2009 2783 MCCCX,

305 2793 479 2842 deditque
499 2793 691 2842 fratribus
712 2795 1003 2844 quinquaginta
1024 2794 1148 2832 libras
1169 2795 1454 2833 turonensium.

363 2853 475 2887 Anno
506 2852 760 2901 MCCCXVI,
791 2853 854 2891 dje
884 2853 1029 2891 ultima
1059 2853 1297 2902 decembris,
1327 2854 1389 2892 uti
1418 2867 1539 2904 supra
1570 2853 1763 2901 vidimus,
1791 2853 1844 2891 ad
1874 2853 2012 2892 cathe-

358 3038 383 3069 l.
415 3038 457 3069 ll.
487 3039 540 3077 ll,
572 3046 593 3071 1.
623 3052 762 3083 xx1,p.
791 3042 870 3073 756.

355 3095 383 3121 2.
416 3091 610 3132 '1':›11l‹›u.«:,
642 3105 705 3125 ms.
736 3093 814 3133 490,
844 3094 866 3126 s.
897 3096 963 3128 237
991 3099 1034 3127 ΓΟ.
