<?xml version="1.0" encoding="UTF-8"?>
<!DOCTYPE html PUBLIC "-//W3C//DTD XHTML 1.0 Transitional//EN"
    "http://www.w3.org/TR/xhtml1/DTD/xhtml1-transitional.dtd">
<html xmlns="http://www.w3.org/1999/xhtml" xml:lang="en" lang="en">
 <head>
  <title>
</title>
<meta http-equiv="Content-Type" content="text/html;charset=utf-8" />
  <meta name='ocr-system' content='tesseract 3.04.00' />
  <meta name='ocr-capabilities' content='ocr_page ocr_carea ocr_par ocr_line ocrx_word'/>
</head>
<body>
  <div class='ocr_page' id='page_1' title='image "./vitaepaparumaven02balu_0549.png"; bbox 0 0 2083 3458; ppageno 0'>
   <div class='ocr_carea' id='block_1_1' title="bbox 83 272 1769 330">
    <p class='ocr_par' dir='ltr' id='par_1_1' title="bbox 83 272 1769 330">
     <span class='ocr_line' id='line_1_1' title="bbox 83 272 1769 330; baseline -0.001 -15"><span class='ocrx_word' id='word_1_1' title='bbox 83 274 235 330; x_wconf 89' lang='lat'>[1022]</span> <span class='ocrx_word' id='word_1_2' title='bbox 597 291 812 317; x_wconf 78' lang='lat' dir='ltr'>PAPARUM</span> <span class='ocrx_word' id='word_1_3' title='bbox 848 290 1232 316; x_wconf 80' lang='lat' dir='ltr'><strong>AVENIONENSIUM</strong></span> <span class='ocrx_word' id='word_1_4' title='bbox 1683 272 1769 314; x_wconf 65' lang='lat'><em>539*</em></span> 
     </span>
    </p>
   </div>
   <div class='ocr_carea' id='block_1_2' title="bbox 61 373 1777 2443">
    <p class='ocr_par' dir='ltr' id='par_1_2' title="bbox 68 373 1771 661">
     <span class='ocr_line' id='line_1_2' title="bbox 70 373 1766 424; baseline -0.002 -12"><span class='ocrx_word' id='word_1_5' title='bbox 70 376 213 414; x_wconf 78' lang='lat' dir='ltr'>solent.</span> <span class='ocrx_word' id='word_1_6' title='bbox 236 375 459 414; x_wconf 85' lang='lat' dir='ltr'><em>Haecsunt</em></span> <span class='ocrx_word' id='word_1_7' title='bbox 476 375 562 424; x_wconf 83' lang='lat' dir='ltr'><em>ejus</em></span> <span class='ocrx_word' id='word_1_8' title='bbox 583 375 719 422; x_wconf 79' lang='lat' dir='ltr'><em>verba,</em></span> <span class='ocrx_word' id='word_1_9' title='bbox 738 376 857 424; x_wconf 79' lang='lat' dir='ltr'><em>digna</em></span> <span class='ocrx_word' id='word_1_10' title='bbox 877 375 1061 424; x_wconf 83' lang='lat' dir='ltr'><em>profecto</em></span> <span class='ocrx_word' id='word_1_11' title='bbox 1079 388 1183 424; x_wconf 76' lang='lat' dir='ltr'><em>quae</em></span> <span class='ocrx_word' id='word_1_12' title='bbox 1200 374 1320 411; x_wconf 81' lang='lat' dir='ltr'>isthic</span> <span class='ocrx_word' id='word_1_13' title='bbox 1337 388 1358 410; x_wconf 91' lang='lat' dir='ltr'><em>a</em></span> <span class='ocrx_word' id='word_1_14' title='bbox 1376 374 1492 411; x_wconf 89' lang='lat' dir='ltr'><em>nobis</em></span> <span class='ocrx_word' id='word_1_15' title='bbox 1509 373 1740 411; x_wconf 81' lang='lat' dir='ltr'><em>referantur</em></span> <span class='ocrx_word' id='word_1_16' title='bbox 1760 386 1766 408; x_wconf 81' lang='lat' dir='ltr'>z</span> 
     </span>
     <span class='ocr_line' id='line_1_3' title="bbox 70 430 1768 483; baseline -0.002 -11"><span class='ocrx_word' id='word_1_17' title='bbox 70 433 177 483; x_wconf 75' lang='lat' dir='ltr'><em>Quin</em></span> <span class='ocrx_word' id='word_1_18' title='bbox 203 443 237 472; x_wconf 86' lang='lat' dir='ltr'><em>et</em></span> <span class='ocrx_word' id='word_1_19' title='bbox 263 434 495 472; x_wconf 77' lang='lat' dir='ltr'><em>insolentias</em></span> <span class='ocrx_word' id='word_1_20' title='bbox 520 434 786 471; x_wconf 74' lang='lat' dir='ltr'><em>cardinalium</em></span> <span class='ocrx_word' id='word_1_21' title='bbox 815 436 891 472; x_wconf 82' lang='lat' dir='ltr'><em>atto</em></span> <span class='ocrx_word' id='word_1_22' title='bbox 917 434 1052 471; x_wconf 82' lang='lat' dir='ltr'><em>animo</em></span> <span class='ocrx_word' id='word_1_23' title='bbox 1078 433 1323 483; x_wconf 78' lang='lat' dir='ltr'><em>rejecturum,</em></span> <span class='ocrx_word' id='word_1_24' title='bbox 1352 433 1419 482; x_wconf 77' lang='lat' dir='ltr'><em>qai</em></span> <span class='ocrx_word' id='word_1_25' title='bbox 1444 432 1586 481; x_wconf 71' lang='lat' dir='ltr'><em>exigito</em></span> <span class='ocrx_word' id='word_1_26' title='bbox 1612 430 1768 469; x_wconf 78' lang='lat' dir='ltr'><em>rubenti</em></span> 
     </span>
     <span class='ocr_line' id='line_1_4' title="bbox 68 491 1771 542; baseline -0.002 -12"><span class='ocrx_word' id='word_1_27' title='bbox 68 507 204 542; x_wconf 86' lang='lat' dir='ltr'><em>panno</em></span> <span class='ocrx_word' id='word_1_28' title='bbox 221 493 471 531; x_wconf 78' lang='lat' dir='ltr'><em>mortalitatis</em></span> <span class='ocrx_word' id='word_1_29' title='bbox 486 493 682 530; x_wconf 67' lang='lat' dir='ltr'><em>oblivione</em></span> <span class='ocrx_word' id='word_1_30' title='bbox 698 493 926 542; x_wconf 75' lang='lat' dir='ltr'><em>capiuntur,</em></span> <span class='ocrx_word' id='word_1_31' title='bbox 946 507 1024 530; x_wconf 89' lang='lat' dir='ltr'><em>non</em></span> <span class='ocrx_word' id='word_1_32' title='bbox 1041 494 1220 530; x_wconf 75' lang='lat' dir='ltr'><em>mortales</em></span> <span class='ocrx_word' id='word_1_33' title='bbox 1236 492 1503 530; x_wconf 75' lang='lat' dir='ltr'><em>tantummodo</em></span> <span class='ocrx_word' id='word_1_34' title='bbox 1521 492 1582 529; x_wconf 82' lang='lat' dir='ltr'><em>illi</em></span> <span class='ocrx_word' id='word_1_35' title='bbox 1599 491 1771 541; x_wconf 78' lang='lat' dir='ltr'><em>quidem,</em></span> 
     </span>
     <span class='ocr_line' id='line_1_5' title="bbox 69 549 1767 603; baseline -0.002 -14"><span class='ocrx_word' id='word_1_36' title='bbox 69 553 137 590; x_wconf 81' lang='lat' dir='ltr'><em>sed</em></span> <span class='ocrx_word' id='word_1_37' title='bbox 150 553 432 603; x_wconf 78' lang='lat' dir='ltr'><em>quodammodo</em></span> <span class='ocrx_word' id='word_1_38' title='bbox 447 552 687 590; x_wconf 75' lang='lat' dir='ltr'><em>moribundi.</em></span> <span class='ocrx_word' id='word_1_39' title='bbox 710 553 770 589; x_wconf 76' lang='lat' dir='ltr'><em>Tu</em></span> <span class='ocrx_word' id='word_1_40' title='bbox 787 552 868 589; x_wconf 80' lang='lat' dir='ltr'><em>nisi</em></span> <span class='ocrx_word' id='word_1_41' title='bbox 883 560 989 589; x_wconf 84' lang='lat' dir='ltr'><em>tanto</em></span> <span class='ocrx_word' id='word_1_42' title='bbox 1005 560 1172 601; x_wconf 80' lang='lat' dir='ltr'><em>tempore</em></span> <span class='ocrx_word' id='word_1_43' title='bbox 1188 566 1336 589; x_wconf 83' lang='lat' dir='ltr'><em>mecum</em></span> <span class='ocrx_word' id='word_1_44' title='bbox 1351 566 1390 588; x_wconf 78' lang='lat' dir='ltr'><em>es</em></span> <span class='ocrx_word' id='word_1_45' title='bbox 1404 560 1437 588; x_wconf 84' lang='lat' dir='ltr'><em>et</em></span> <span class='ocrx_word' id='word_1_46' title='bbox 1453 565 1530 588; x_wconf 84' lang='lat' dir='ltr'><em>non</em></span> <span class='ocrx_word' id='word_1_47' title='bbox 1545 549 1706 599; x_wconf 72' lang='lat' dir='ltr'><em>cognovi</em></span> <span class='ocrx_word' id='word_1_48' title='bbox 1722 558 1767 595; x_wconf 84' lang='lat' dir='ltr'><em>te,</em></span> 
     </span>
     <span class='ocr_line' id='line_1_6' title="bbox 71 611 1768 661; baseline -0.002 -12"><span class='ocrx_word' id='word_1_49' title='bbox 71 626 150 649; x_wconf 84' lang='lat' dir='ltr'><em>non</em></span> <span class='ocrx_word' id='word_1_50' title='bbox 168 612 295 649; x_wconf 76' lang='lat' dir='ltr'><em>sotum</em></span> <span class='ocrx_word' id='word_1_51' title='bbox 316 612 383 649; x_wconf 78' lang='lat' dir='ltr'><em>hoc</em></span> <span class='ocrx_word' id='word_1_52' title='bbox 402 611 621 661; x_wconf 77' lang='lat' dir='ltr'><em>panniculo</em></span> <span class='ocrx_word' id='word_1_53' title='bbox 643 626 721 648; x_wconf 84' lang='lat' dir='ltr'><em>non</em></span> <span class='ocrx_word' id='word_1_54' title='bbox 739 611 937 660; x_wconf 74' lang='lat' dir='ltr'><em>superbis,</em></span> <span class='ocrx_word' id='word_1_55' title='bbox 958 612 1025 648; x_wconf 77' lang='lat' dir='ltr'><em>sed</em></span> <span class='ocrx_word' id='word_1_56' title='bbox 1046 626 1112 648; x_wconf 81' lang='lat' dir='ltr'><em>nec</em></span> <span class='ocrx_word' id='word_1_57' title='bbox 1132 611 1303 660; x_wconf 76' lang='lat' dir='ltr'><em>qualibet</em></span> <span class='ocrx_word' id='word_1_58' title='bbox 1323 625 1506 659; x_wconf 74' lang='lat' dir='ltr'><em>purpura</em></span> <span class='ocrx_word' id='word_1_59' title='bbox 1524 625 1593 647; x_wconf 76' lang='lat' dir='ltr'><em>sea</em></span> <span class='ocrx_word' id='word_1_60' title='bbox 1613 622 1768 647; x_wconf 82' lang='lat' dir='ltr'><em>corona.</em></span> 
     </span>
    </p>

    <p class='ocr_par' dir='ltr' id='par_1_3' title="bbox 69 668 1769 897">
     <span class='ocr_line' id='line_1_7' title="bbox 124 668 1768 714; baseline -0.004 -5"><span class='ocrx_word' id='word_1_61' title='bbox 124 672 225 709; x_wconf 90' lang='lat' dir='ltr'><em>Cum</em></span> <span class='ocrx_word' id='word_1_62' title='bbox 242 686 337 710; x_wconf 68' lang='lat' dir='ltr'><em>vero</em></span> <span class='ocrx_word' id='word_1_63' title='bbox 356 671 490 709; x_wconf 86' lang='lat' dir='ltr'><em>factus</em></span> <span class='ocrx_word' id='word_1_64' title='bbox 509 679 570 709; x_wconf 88' lang='lat' dir='ltr'><em>est</em></span> <span class='ocrx_word' id='word_1_65' title='bbox 588 670 819 714; x_wconf 79' lang='lat' dir='ltr'><em>cardinalis,</em></span> <span class='ocrx_word' id='word_1_66' title='bbox 839 685 919 707; x_wconf 89' lang='lat' dir='ltr'><em>non</em></span> <span class='ocrx_word' id='word_1_67' title='bbox 938 670 1028 707; x_wconf 87' lang='lat' dir='ltr'><em>ideo</em></span> <span class='ocrx_word' id='word_1_68' title='bbox 1045 670 1242 708; x_wconf 79' lang='lat' dir='ltr'><em>liberatus</em></span> <span class='ocrx_word' id='word_1_69' title='bbox 1261 677 1322 707; x_wconf 89' lang='lat' dir='ltr'><em>est</em></span> <span class='ocrx_word' id='word_1_70' title='bbox 1340 669 1391 706; x_wconf 88' lang='lat' dir='ltr'><em>ab</em></span> <span class='ocrx_word' id='word_1_71' title='bbox 1409 668 1768 707; x_wconf 78' lang='lat' dir='ltr'><em>administratione</em></span> 
     </span>
     <span class='ocr_line' id='line_1_8' title="bbox 71 728 1769 780; baseline -0.002 -12"><span class='ocrx_word' id='word_1_72' title='bbox 71 730 332 780; x_wconf 79' lang='lat' dir='ltr'><em>episcopatus</em></span> <span class='ocrx_word' id='word_1_73' title='bbox 360 730 669 768; x_wconf 74' lang='lat' dir='ltr'><em>Avenionensis.</em></span> <span class='ocrx_word' id='word_1_74' title='bbox 699 730 849 767; x_wconf 80' lang='lat' dir='ltr'><em>Contra</em></span> <span class='ocrx_word' id='word_1_75' title='bbox 880 730 1070 767; x_wconf 85' lang='lat' dir='ltr'><em>Urbanus</em></span> <span class='ocrx_word' id='word_1_76' title='bbox 1098 729 1145 776; x_wconf 79' lang='lat' dir='ltr'><em>V,</em></span> <span class='ocrx_word' id='word_1_77' title='bbox 1175 744 1243 766; x_wconf 86' lang='lat' dir='ltr'>v111</span> <span class='ocrx_word' id='word_1_78' title='bbox 1271 729 1348 767; x_wconf 88' lang='lat' dir='ltr'><em>kal.</em></span> <span class='ocrx_word' id='word_1_79' title='bbox 1379 729 1556 767; x_wconf 83' lang='lat' dir='ltr'><em>octobris</em></span> <span class='ocrx_word' id='word_1_80' title='bbox 1590 728 1656 778; x_wconf 83' lang='lat'><em>[24</em></span> <span class='ocrx_word' id='word_1_81' title='bbox 1681 740 1769 775; x_wconf 83' lang='lat' dir='ltr'><em>sep-</em></span> 
     </span>
     <span class='ocr_line' id='line_1_9' title="bbox 69 788 1768 840; baseline -0.003 -13"><span class='ocrx_word' id='word_1_82' title='bbox 69 788 259 839; x_wconf 88' lang='lat' dir='ltr'><em>tembre],</em></span> <span class='ocrx_word' id='word_1_83' title='bbox 284 790 318 828; x_wconf 87' lang='lat' dir='ltr'><em>ei</em></span> <span class='ocrx_word' id='word_1_84' title='bbox 343 790 607 840; x_wconf 83' lang='lat' dir='ltr'><em>praescripsit</em></span> <span class='ocrx_word' id='word_1_85' title='bbox 633 804 681 827; x_wconf 89' lang='lat' dir='ltr'><em>ne</em></span> <span class='ocrx_word' id='word_1_86' title='bbox 708 789 851 827; x_wconf 87' lang='lat' dir='ltr'><em>urbem</em></span> <span class='ocrx_word' id='word_1_87' title='bbox 877 789 988 826; x_wconf 89' lang='lat' dir='ltr'><em>illam</em></span> <span class='ocrx_word' id='word_1_88' title='bbox 1015 802 1060 826; x_wconf 81' lang='lat' dir='ltr'><em>ac</em></span> <span class='ocrx_word' id='word_1_89' title='bbox 1080 788 1186 826; x_wconf 84' lang='lat' dir='ltr'><em>illius</em></span> <span class='ocrx_word' id='word_1_90' title='bbox 1214 802 1353 825; x_wconf 81' lang='lat' dir='ltr'><em>curam</em></span> <span class='ocrx_word' id='word_1_91' title='bbox 1380 789 1600 833; x_wconf 88' lang='lat' dir='ltr'><em>desereret;</em></span> <span class='ocrx_word' id='word_1_92' title='bbox 1627 788 1768 831; x_wconf 83' lang='lat' dir='ltr'><em>Bzov.‚</em></span> 
     </span>
     <span class='ocr_line' id='line_1_10' title="bbox 69 848 385 897; baseline 0.006 -11"><span class='ocrx_word' id='word_1_93' title='bbox 69 862 133 887; x_wconf 89' lang='lat' dir='ltr'><em>an.</em></span> <span class='ocrx_word' id='word_1_94' title='bbox 162 848 276 896; x_wconf 84' lang='grc'>1368,</span> <span class='ocrx_word' id='word_1_95' title='bbox 309 849 325 897; x_wconf 62' lang='grc' dir='ltr'><strong>ἓ</strong></span> <span class='ocrx_word' id='word_1_96' title='bbox 350 849 385 888; x_wconf 82' lang='grc'>8.</span> 
     </span>
    </p>

    <p class='ocr_par' dir='ltr' id='par_1_4' title="bbox 68 906 1772 1075">
     <span class='ocr_line' id='line_1_11' title="bbox 122 906 1772 961; baseline -0.004 -15"><span class='ocrx_word' id='word_1_97' title='bbox 122 908 242 946; x_wconf 91' lang='lat' dir='ltr'><em>Anno</em></span> <span class='ocrx_word' id='word_1_98' title='bbox 271 916 412 947; x_wconf 89' lang='lat' dir='ltr'><em>tamen</em></span> <span class='ocrx_word' id='word_1_99' title='bbox 442 910 630 961; x_wconf 81' lang='lat' dir='ltr'><em>sequenti</em></span> <span class='ocrx_word' id='word_1_100' title='bbox 649 909 663 931; x_wconf 80' lang='lat'>1</span> <span class='ocrx_word' id='word_1_101' title='bbox 702 908 868 958; x_wconf 85' lang='lat' dir='ltr'><em>reliquit</em></span> <span class='ocrx_word' id='word_1_102' title='bbox 907 907 1175 955; x_wconf 79' lang='lat' dir='ltr'><em>Avenionem‚</em></span> <span class='ocrx_word' id='word_1_103' title='bbox 1208 916 1248 945; x_wconf 88' lang='lat' dir='ltr'><em>et</em></span> <span class='ocrx_word' id='word_1_104' title='bbox 1277 908 1317 944; x_wconf 92' lang='lat' dir='ltr'><em>in</em></span> <span class='ocrx_word' id='word_1_105' title='bbox 1353 907 1516 945; x_wconf 87' lang='lat' dir='ltr'><em>Italiam</em></span> <span class='ocrx_word' id='word_1_106' title='bbox 1545 906 1772 956; x_wconf 83' lang='lat' dir='ltr'><em>profectus,</em></span> 
     </span>
     <span class='ocr_line' id='line_1_12' title="bbox 69 963 1769 1018; baseline -0.003 -14"><span class='ocrx_word' id='word_1_107' title='bbox 69 975 280 1005; x_wconf 86' lang='lat' dir='ltr'><em>assecutus</em></span> <span class='ocrx_word' id='word_1_108' title='bbox 305 977 366 1006; x_wconf 92' lang='lat' dir='ltr'><em>est</em></span> <span class='ocrx_word' id='word_1_109' title='bbox 390 968 606 1006; x_wconf 89' lang='lat' dir='ltr'><em>Urbanum</em></span> <span class='ocrx_word' id='word_1_110' title='bbox 629 969 739 1018; x_wconf 89' lang='lat' dir='ltr'><em>apud</em></span> <span class='ocrx_word' id='word_1_111' title='bbox 758 966 1168 1005; x_wconf 83' lang='lat' dir='ltr'><em>Montemflasconem</em></span> <span class='ocrx_word' id='word_1_112' title='bbox 1193 967 1255 1004; x_wconf 88' lang='lat' dir='ltr'><em>die</em></span> <span class='ocrx_word' id='word_1_113' title='bbox 1281 975 1427 1016; x_wconf 84' lang='lat' dir='ltr'><em>quarta</em></span> <span class='ocrx_word' id='word_1_114' title='bbox 1451 966 1573 1015; x_wconf 79' lang='lat' dir='ltr'><em>junii3</em></span> <span class='ocrx_word' id='word_1_115' title='bbox 1595 979 1644 1003; x_wconf 84' lang='lat' dir='ltr'><em>ex</em></span> <span class='ocrx_word' id='word_1_116' title='bbox 1666 963 1769 1000; x_wconf 91' lang='lat' dir='ltr'><em>libro</em></span> 
     </span>
     <span class='ocr_line' id='line_1_13' title="bbox 68 1024 381 1075; baseline 0.013 -12"><span class='ocrx_word' id='word_1_117' title='bbox 68 1024 381 1075; x_wconf 78' lang='lat' dir='ltr'><em>Obligationam.</em></span> 
     </span>
    </p>

    <p class='ocr_par' dir='ltr' id='par_1_5' title="bbox 69 1078 1770 1316">
     <span class='ocr_line' id='line_1_14' title="bbox 123 1078 1769 1137; baseline -0.004 -13"><span class='ocrx_word' id='word_1_118' title='bbox 123 1085 225 1125; x_wconf 86' lang='lat' dir='ltr'><em>Cum</em></span> <span class='ocrx_word' id='word_1_119' title='bbox 248 1101 344 1125; x_wconf 87' lang='lat' dir='ltr'><em>vero</em></span> <span class='ocrx_word' id='word_1_120' title='bbox 367 1096 509 1137; x_wconf 90' lang='lat' dir='ltr'><em>postea</em></span> <span class='ocrx_word' id='word_1_121' title='bbox 535 1087 774 1125; x_wconf 80' lang='lat' dir='ltr'><em>Guillelmus</em></span> <span class='ocrx_word' id='word_1_122' title='bbox 799 1087 847 1124; x_wconf 76' lang='lat' dir='ltr'><em>de</em></span> <span class='ocrx_word' id='word_1_123' title='bbox 875 1086 1068 1135; x_wconf 73' lang='lat' dir='ltr'><em>Agrisolio</em></span> <span class='ocrx_word' id='word_1_124' title='bbox 1092 1086 1305 1136; x_wconf 83' lang='lat' dir='ltr'><em>episcopus</em></span> <span class='ocrx_word' id='word_1_125' title='bbox 1331 1078 1563 1124; x_wconf 86' lang='lat' dir='ltr'><em>Sabinensis</em></span> <span class='ocrx_word' id='word_1_126' title='bbox 1589 1083 1769 1127; x_wconf 86' lang='lat' dir='ltr'><em>obiisset,</em></span> 
     </span>
     <span class='ocr_line' id='line_1_15' title="bbox 71 1141 1770 1196; baseline -0.002 -14"><span class='ocrx_word' id='word_1_127' title='bbox 71 1145 284 1196; x_wconf 88' lang='lat' dir='ltr'><em>Philippus</em></span> <span class='ocrx_word' id='word_1_128' title='bbox 315 1147 349 1184; x_wconf 87' lang='lat' dir='ltr'><em>ei</em></span> <span class='ocrx_word' id='word_1_129' title='bbox 378 1147 574 1186; x_wconf 83' lang='lat' dir='ltr'><em>suffectus</em></span> <span class='ocrx_word' id='word_1_130' title='bbox 604 1155 666 1185; x_wconf 86' lang='lat' dir='ltr'><em>est</em></span> <span class='ocrx_word' id='word_1_131' title='bbox 695 1161 803 1184; x_wconf 83' lang='lat' dir='ltr'><em>anno</em></span> <span class='ocrx_word' id='word_1_132' title='bbox 833 1146 1107 1193; x_wconf 83' lang='lat' dir='ltr'>MCCCLXX,</span> <span class='ocrx_word' id='word_1_133' title='bbox 1138 1145 1201 1183; x_wconf 91' lang='lat' dir='ltr'><em>die</em></span> <span class='ocrx_word' id='word_1_134' title='bbox 1231 1145 1377 1184; x_wconf 88' lang='lat' dir='ltr'><em>ultima</em></span> <span class='ocrx_word' id='word_1_135' title='bbox 1408 1145 1517 1191; x_wconf 87' lang='lat' dir='ltr'><em>maii,</em></span> <span class='ocrx_word' id='word_1_136' title='bbox 1548 1152 1594 1181; x_wconf 90' lang='lat' dir='ltr'><em>ut</em></span> <span class='ocrx_word' id='word_1_137' title='bbox 1622 1141 1770 1191; x_wconf 76' lang='lat' dir='ltr'><em>legitur</em></span> 
     </span>
     <span class='ocr_line' id='line_1_16' title="bbox 72 1200 1769 1256; baseline -0.002 -15"><span class='ocrx_word' id='word_1_138' title='bbox 72 1203 116 1254; x_wconf 88' lang='lat' dir='ltr'><em>[t.</em></span> <span class='ocrx_word' id='word_1_139' title='bbox 138 1219 165 1251; x_wconf 90' lang='lat'><em>1,</em></span> <span class='ocrx_word' id='word_1_140' title='bbox 188 1220 226 1255; x_wconf 93' lang='lat' dir='ltr'><em>p.</em></span> <span class='ocrx_word' id='word_1_141' title='bbox 249 1204 356 1254; x_wconf 83' lang='lat'><em>392].</em></span> <span class='ocrx_word' id='word_1_142' title='bbox 380 1206 441 1244; x_wconf 81' lang='lat' dir='ltr'><em>Ad</em></span> <span class='ocrx_word' id='word_1_143' title='bbox 461 1221 555 1245; x_wconf 87' lang='lat' dir='ltr'><em>eum</em></span> <span class='ocrx_word' id='word_1_144' title='bbox 575 1221 671 1245; x_wconf 73' lang='lat' dir='ltr'><em>vero</em></span> <span class='ocrx_word' id='word_1_145' title='bbox 693 1207 931 1256; x_wconf 84' lang='lat' dir='ltr'><em>episcopum</em></span> <span class='ocrx_word' id='word_1_146' title='bbox 954 1205 1220 1243; x_wconf 82' lang='lat' dir='ltr'><em>Sabinensem</em></span> <span class='ocrx_word' id='word_1_147' title='bbox 1241 1204 1383 1242; x_wconf 81' lang='lat' dir='ltr'><em>scribit</em></span> <span class='ocrx_word' id='word_1_148' title='bbox 1402 1204 1511 1241; x_wconf 88' lang='lat' dir='ltr'><em>idem</em></span> <span class='ocrx_word' id='word_1_149' title='bbox 1533 1200 1769 1244; x_wconf 81' lang='lat' dir='ltr'><em>petrarcha,</em></span> 
     </span>
     <span class='ocr_line' id='line_1_17' title="bbox 69 1263 1363 1316; baseline 0.001 -16"><span class='ocrx_word' id='word_1_150' title='bbox 69 1263 138 1302; x_wconf 88' lang='lat' dir='ltr'><em>lib.</em></span> <span class='ocrx_word' id='word_1_151' title='bbox 164 1263 264 1301; x_wconf 86' lang='lat' dir='ltr'><em>XIV</em></span> <span class='ocrx_word' id='word_1_152' title='bbox 284 1265 372 1304; x_wconf 83' lang='lat' dir='ltr'><em>Rer.</em></span> <span class='ocrx_word' id='word_1_153' title='bbox 395 1266 525 1312; x_wconf 57' lang='lat' dir='ltr'><em>senil„</em></span> <span class='ocrx_word' id='word_1_154' title='bbox 547 1266 665 1316; x_wconf 81' lang='lat' dir='ltr'><em>epist.</em></span> <span class='ocrx_word' id='word_1_155' title='bbox 690 1280 746 1313; x_wconf 76' lang='lat' dir='ltr'><em>xi,</em></span> <span class='ocrx_word' id='word_1_156' title='bbox 769 1280 841 1303; x_wconf 80' lang='lat' dir='ltr'><em>xlv</em></span> <span class='ocrx_word' id='word_1_157' title='bbox 861 1280 942 1315; x_wconf 86' lang='lat' dir='ltr'><em>sq.;</em></span> <span class='ocrx_word' id='word_1_158' title='bbox 963 1265 1031 1303; x_wconf 86' lang='lat' dir='ltr'><em>lib.</em></span> <span class='ocrx_word' id='word_1_159' title='bbox 1058 1264 1147 1310; x_wconf 83' lang='lat' dir='ltr'><em>XV,</em></span> <span class='ocrx_word' id='word_1_160' title='bbox 1169 1264 1286 1314; x_wconf 84' lang='lat' dir='ltr'><em>epist.</em></span> <span class='ocrx_word' id='word_1_161' title='bbox 1309 1279 1363 1301; x_wconf 83' lang='lat' dir='ltr'><em>lv.</em></span> 
     </span>
    </p>

    <p class='ocr_par' dir='ltr' id='par_1_6' title="bbox 70 1319 1777 2087">
     <span class='ocr_line' id='line_1_18' title="bbox 125 1319 1771 1372; baseline -0.002 -12"><span class='ocrx_word' id='word_1_162' title='bbox 125 1322 266 1361; x_wconf 82' lang='lat' dir='ltr'><em>Rediit</em></span> <span class='ocrx_word' id='word_1_163' title='bbox 283 1324 429 1363; x_wconf 82' lang='lat' dir='ltr'><em>deinde</em></span> <span class='ocrx_word' id='word_1_164' title='bbox 448 1325 488 1362; x_wconf 90' lang='lat' dir='ltr'><em>in</em></span> <span class='ocrx_word' id='word_1_165' title='bbox 508 1325 684 1363; x_wconf 89' lang='lat' dir='ltr'><em>Galliam</em></span> <span class='ocrx_word' id='word_1_166' title='bbox 703 1339 795 1363; x_wconf 86' lang='lat' dir='ltr'><em>cum</em></span> <span class='ocrx_word' id='word_1_167' title='bbox 815 1324 998 1372; x_wconf 80' lang='lat' dir='ltr'><em>Urbano,</em></span> <span class='ocrx_word' id='word_1_168' title='bbox 1017 1332 1058 1362; x_wconf 88' lang='lat' dir='ltr'><em>et</em></span> <span class='ocrx_word' id='word_1_169' title='bbox 1077 1323 1265 1362; x_wconf 88' lang='lat' dir='ltr'><em>electioni</em></span> <span class='ocrx_word' id='word_1_170' title='bbox 1285 1323 1467 1372; x_wconf 83' lang='lat' dir='ltr'><em>Gregorii</em></span> <span class='ocrx_word' id='word_1_171' title='bbox 1488 1321 1547 1358; x_wconf 88' lang='lat' dir='ltr'><em>XI</em></span> <span class='ocrx_word' id='word_1_172' title='bbox 1566 1319 1771 1358; x_wconf 78' lang='lat' dir='ltr'><em>interfuit.</em></span> 
     </span>
     <span class='ocr_line' id='line_1_19' title="bbox 75 1378 1774 1434; baseline -0.002 -15"><span class='ocrx_word' id='word_1_173' title='bbox 75 1382 111 1420; x_wconf 93' lang='lat' dir='ltr'><em>Is</em></span> <span class='ocrx_word' id='word_1_174' title='bbox 137 1397 233 1420; x_wconf 91' lang='lat' dir='ltr'><em>vero</em></span> <span class='ocrx_word' id='word_1_175' title='bbox 260 1383 405 1422; x_wconf 89' lang='lat' dir='ltr'><em>statim</em></span> <span class='ocrx_word' id='word_1_176' title='bbox 430 1385 613 1434; x_wconf 82' lang='lat' dir='ltr'><em>legatum</em></span> <span class='ocrx_word' id='word_1_177' title='bbox 639 1398 732 1422; x_wconf 89' lang='lat' dir='ltr'><em>eum</em></span> <span class='ocrx_word' id='word_1_178' title='bbox 763 1383 906 1422; x_wconf 86' lang='lat' dir='ltr'><em>ltaliae</em></span> <span class='ocrx_word' id='word_1_179' title='bbox 933 1398 1017 1421; x_wconf 88' lang='lat' dir='ltr'><em>esse</em></span> <span class='ocrx_word' id='word_1_180' title='bbox 1042 1383 1183 1432; x_wconf 78' lang='lat' dir='ltr'><em>jussit3</em></span> <span class='ocrx_word' id='word_1_181' title='bbox 1211 1382 1354 1420; x_wconf 85' lang='lat' dir='ltr'><em>Prima</em></span> <span class='ocrx_word' id='word_1_182' title='bbox 1379 1382 1459 1419; x_wconf 67' lang='lat' dir='ltr'><em>vita</em></span> <span class='ocrx_word' id='word_1_183' title='bbox 1484 1379 1663 1429; x_wconf 77' lang='lat' dir='ltr'><em>Gregorii</em></span> <span class='ocrx_word' id='word_1_184' title='bbox 1688 1378 1774 1425; x_wconf 80' lang='lat' dir='ltr'><em>XI,</em></span> 
     </span>
     <span class='ocr_line' id='line_1_20' title="bbox 71 1437 1770 1494; baseline -0.003 -15"><span class='ocrx_word' id='word_1_185' title='bbox 71 1456 109 1492; x_wconf 93' lang='lat' dir='ltr'><em>p.</em></span> <span class='ocrx_word' id='word_1_186' title='bbox 137 1442 232 1489; x_wconf 73' lang='lat'>418:</span> <span class='ocrx_word' id='word_1_187' title='bbox 258 1443 520 1494; x_wconf 72' lang='lat' dir='ltr'><em>Bonimegni,</em></span> <span class='ocrx_word' id='word_1_188' title='bbox 547 1459 585 1494; x_wconf 90' lang='lat' dir='ltr'><em>p.</em></span> <span class='ocrx_word' id='word_1_189' title='bbox 614 1443 709 1489; x_wconf 66' lang='lat'>5523</span> <span class='ocrx_word' id='word_1_190' title='bbox 735 1444 876 1490; x_wconf 81' lang='lat' dir='ltr'><em>Bzov.,</em></span> <span class='ocrx_word' id='word_1_191' title='bbox 903 1457 967 1481; x_wconf 89' lang='lat' dir='ltr'><em>an.</em></span> <span class='ocrx_word' id='word_1_192' title='bbox 997 1442 1112 1488; x_wconf 82' lang='lat'>1372,</span> <span class='ocrx_word' id='word_1_193' title='bbox 1145 1442 1161 1490; x_wconf 63' lang='grc' dir='ltr'>ἓ</span> <span class='ocrx_word' id='word_1_194' title='bbox 1187 1442 1222 1481; x_wconf 86' lang='grc'>4.</span> <span class='ocrx_word' id='word_1_195' title='bbox 1252 1442 1306 1479; x_wconf 88' lang='lat' dir='ltr'><em>Et</em></span> <span class='ocrx_word' id='word_1_196' title='bbox 1332 1441 1521 1491; x_wconf 84' lang='lat' dir='ltr'><em>quamvis</em></span> <span class='ocrx_word' id='word_1_197' title='bbox 1549 1437 1770 1477; x_wconf 82' lang='lat' dir='ltr'><em>Petrarcha</em></span> 
     </span>
     <span class='ocr_line' id='line_1_21' title="bbox 71 1496 1773 1553; baseline -0.003 -15"><span class='ocrx_word' id='word_1_198' title='bbox 71 1510 230 1540; x_wconf 87' lang='lat' dir='ltr'><em>amaret</em></span> <span class='ocrx_word' id='word_1_199' title='bbox 270 1502 447 1550; x_wconf 88' lang='lat' dir='ltr'><em>Italiam,</em></span> <span class='ocrx_word' id='word_1_200' title='bbox 485 1517 602 1553; x_wconf 83' lang='lat' dir='ltr'><em>aegre</em></span> <span class='ocrx_word' id='word_1_201' title='bbox 638 1510 779 1541; x_wconf 88' lang='lat' dir='ltr'><em>tamen</em></span> <span class='ocrx_word' id='word_1_202' title='bbox 816 1503 914 1540; x_wconf 83' lang='lat' dir='ltr'><em>tulit</em></span> <span class='ocrx_word' id='word_1_203' title='bbox 952 1502 1189 1552; x_wconf 89' lang='lat' dir='ltr'><em>Philippum</em></span> <span class='ocrx_word' id='word_1_204' title='bbox 1226 1501 1364 1540; x_wconf 88' lang='lat' dir='ltr'><em>divelli</em></span> <span class='ocrx_word' id='word_1_205' title='bbox 1401 1515 1422 1538; x_wconf 90' lang='lat' dir='ltr'><em>a</em></span> <span class='ocrx_word' id='word_1_206' title='bbox 1460 1501 1585 1538; x_wconf 82' lang='lat' dir='ltr'><em>latere</em></span> <span class='ocrx_word' id='word_1_207' title='bbox 1622 1496 1773 1535; x_wconf 90' lang='lat' dir='ltr'><em>summi</em></span> 
     </span>
     <span class='ocr_line' id='line_1_22' title="bbox 71 1556 1771 1612; baseline -0.004 -14"><span class='ocrx_word' id='word_1_208' title='bbox 71 1561 299 1607; x_wconf 88' lang='lat' dir='ltr'><em>Pontificis,</em></span> <span class='ocrx_word' id='word_1_209' title='bbox 332 1561 572 1612; x_wconf 88' lang='lat' dir='ltr'><em>factumque</em></span> <span class='ocrx_word' id='word_1_210' title='bbox 603 1562 643 1600; x_wconf 90' lang='lat' dir='ltr'><em>id</em></span> <span class='ocrx_word' id='word_1_211' title='bbox 675 1562 797 1600; x_wconf 88' lang='lat' dir='ltr'><em>fuisse</em></span> <span class='ocrx_word' id='word_1_212' title='bbox 829 1569 952 1612; x_wconf 88' lang='lat' dir='ltr'><em>putat</em></span> <span class='ocrx_word' id='word_1_213' title='bbox 983 1575 1124 1600; x_wconf 90' lang='lat' dir='ltr'><em>eorum</em></span> <span class='ocrx_word' id='word_1_214' title='bbox 1154 1560 1312 1598; x_wconf 89' lang='lat' dir='ltr'><em>artibus</em></span> <span class='ocrx_word' id='word_1_215' title='bbox 1345 1560 1413 1609; x_wconf 89' lang='lat' dir='ltr'><em>qui</em></span> <span class='ocrx_word' id='word_1_216' title='bbox 1445 1560 1591 1597; x_wconf 85' lang='lat' dir='ltr'><em>nolunt</em></span> <span class='ocrx_word' id='word_1_217' title='bbox 1622 1556 1771 1594; x_wconf 89' lang='lat' dir='ltr'><em>habere</em></span> 
     </span>
     <span class='ocr_line' id='line_1_23' title="bbox 71 1617 1771 1667; baseline -0.004 -10"><span class='ocrx_word' id='word_1_218' title='bbox 71 1621 407 1659; x_wconf 86' lang='lat' dir='ltr'><em>contradictores.</em></span> <span class='ocrx_word' id='word_1_219' title='bbox 439 1622 501 1659; x_wconf 86' lang='lat' dir='ltr'><em>Sic</em></span> <span class='ocrx_word' id='word_1_220' title='bbox 529 1622 638 1660; x_wconf 92' lang='lat' dir='ltr'><em>enim</em></span> <span class='ocrx_word' id='word_1_221' title='bbox 665 1621 716 1659; x_wconf 89' lang='lat' dir='ltr'><em>ad</em></span> <span class='ocrx_word' id='word_1_222' title='bbox 745 1635 837 1659; x_wconf 92' lang='lat' dir='ltr'><em>eum</em></span> <span class='ocrx_word' id='word_1_223' title='bbox 865 1621 1020 1667; x_wconf 86' lang='lat' dir='ltr'><em>scribit,</em></span> <span class='ocrx_word' id='word_1_224' title='bbox 1049 1621 1117 1659; x_wconf 91' lang='lat' dir='ltr'><em>lib.</em></span> <span class='ocrx_word' id='word_1_225' title='bbox 1150 1620 1258 1657; x_wconf 89' lang='lat' dir='ltr'>XIII</span> <span class='ocrx_word' id='word_1_226' title='bbox 1287 1620 1373 1657; x_wconf 82' lang='lat' dir='ltr'><em>Her.</em></span> <span class='ocrx_word' id='word_1_227' title='bbox 1401 1619 1531 1665; x_wconf 59' lang='lat' dir='ltr'><em>senii„</em></span> <span class='ocrx_word' id='word_1_228' title='bbox 1555 1617 1672 1667; x_wconf 84' lang='lat' dir='ltr'><em>epist.</em></span> <span class='ocrx_word' id='word_1_229' title='bbox 1699 1629 1740 1652; x_wconf 85' lang='lat' dir='ltr'><em>x1</em></span> <span class='ocrx_word' id='word_1_230' title='bbox 1765 1630 1771 1651; x_wconf 90' lang='lat'><strong>:</strong></span> 
     </span>
     <span class='ocr_line' id='line_1_24' title="bbox 70 1674 1774 1731; baseline -0.004 -15"><span class='ocrx_word' id='word_1_231' title='bbox 70 1679 217 1717; x_wconf 76' lang='lat' dir='ltr'><em>Pareat</em></span> <span class='ocrx_word' id='word_1_232' title='bbox 235 1688 365 1717; x_wconf 80' lang='lat' dir='ltr'><em>tamen</em></span> <span class='ocrx_word' id='word_1_233' title='bbox 385 1680 467 1718; x_wconf 82' lang='lat' dir='ltr'><em>illis</em></span> <span class='ocrx_word' id='word_1_234' title='bbox 484 1681 593 1719; x_wconf 76' lang='lat' dir='ltr'><em>Deus</em></span> <span class='ocrx_word' id='word_1_235' title='bbox 613 1680 680 1731; x_wconf 81' lang='lat' dir='ltr'><em>qai</em></span> <span class='ocrx_word' id='word_1_236' title='bbox 699 1680 874 1717; x_wconf 79' lang='lat' dir='ltr'><em>humeris</em></span> <span class='ocrx_word' id='word_1_237' title='bbox 893 1680 973 1718; x_wconf 79' lang='lat' dir='ltr'><em>tuis</em></span> <span class='ocrx_word' id='word_1_238' title='bbox 993 1680 1108 1729; x_wconf 83' lang='lat' dir='ltr'><em>longo</em></span> <span class='ocrx_word' id='word_1_239' title='bbox 1127 1687 1161 1717; x_wconf 88' lang='lat' dir='ltr'><em>et</em></span> <span class='ocrx_word' id='word_1_240' title='bbox 1179 1679 1336 1716; x_wconf 81' lang='lat' dir='ltr'><em>honesto</em></span> <span class='ocrx_word' id='word_1_241' title='bbox 1357 1678 1487 1715; x_wconf 82' lang='lat' dir='ltr'><em>labore</em></span> <span class='ocrx_word' id='word_1_242' title='bbox 1505 1675 1686 1726; x_wconf 77' lang='lat' dir='ltr'><em>fatigatis</em></span> <span class='ocrx_word' id='word_1_243' title='bbox 1706 1674 1774 1710; x_wconf 80' lang='lat' dir='ltr'><em>hoc</em></span> 
     </span>
     <span class='ocr_line' id='line_1_25' title="bbox 70 1732 1777 1790; baseline -0.004 -15"><span class='ocrx_word' id='word_1_244' title='bbox 70 1746 151 1776; x_wconf 88' lang='lat' dir='ltr'><em>tam</em></span> <span class='ocrx_word' id='word_1_245' title='bbox 182 1753 308 1787; x_wconf 68' lang='lat' dir='ltr'><em>grave,</em></span> <span class='ocrx_word' id='word_1_246' title='bbox 341 1739 429 1777; x_wconf 86' lang='lat' dir='ltr'><em>licet</em></span> <span class='ocrx_word' id='word_1_247' title='bbox 458 1740 734 1790; x_wconf 73' lang='lat' dir='ltr'><em>honorificum,</em></span> <span class='ocrx_word' id='word_1_248' title='bbox 767 1740 924 1789; x_wconf 79' lang='lat' dir='ltr'><em>pondus</em></span> <span class='ocrx_word' id='word_1_249' title='bbox 956 1738 1156 1788; x_wconf 81' lang='lat' dir='ltr'><em>imponere</em></span> <span class='ocrx_word' id='word_1_250' title='bbox 1187 1739 1403 1781; x_wconf 69' lang='lat' dir='ltr'><em>voluerunt,</em></span> <span class='ocrx_word' id='word_1_251' title='bbox 1438 1737 1552 1787; x_wconf 76' lang='lat' dir='ltr'><em>idque</em></span> <span class='ocrx_word' id='word_1_252' title='bbox 1588 1732 1777 1782; x_wconf 80' lang='lat' dir='ltr'><em>Pontifici</em></span> 
     </span>
     <span class='ocr_line' id='line_1_26' title="bbox 70 1797 1772 1847; baseline -0.004 -12"><span class='ocrx_word' id='word_1_253' title='bbox 70 1806 292 1836; x_wconf 77' lang='lat' dir='ltr'><em>suaserunt.</em></span> <span class='ocrx_word' id='word_1_254' title='bbox 316 1798 444 1836; x_wconf 80' lang='lat' dir='ltr'><em>Nosco</em></span> <span class='ocrx_word' id='word_1_255' title='bbox 463 1808 593 1837; x_wconf 76' lang='lat' dir='ltr'><em>autem</em></span> <span class='ocrx_word' id='word_1_256' title='bbox 613 1814 749 1846; x_wconf 75' lang='lat' dir='ltr'><em>mores,</em></span> <span class='ocrx_word' id='word_1_257' title='bbox 770 1800 864 1836; x_wconf 79' lang='lat' dir='ltr'><em>dum</em></span> <span class='ocrx_word' id='word_1_258' title='bbox 882 1798 939 1836; x_wconf 86' lang='lat' dir='ltr'><em>eis</em></span> <span class='ocrx_word' id='word_1_259' title='bbox 961 1798 1052 1835; x_wconf 84' lang='lat' dir='ltr'><em>bene</em></span> <span class='ocrx_word' id='word_1_260' title='bbox 1070 1799 1134 1844; x_wconf 85' lang='lat' dir='ltr'><em>sit,</em></span> <span class='ocrx_word' id='word_1_261' title='bbox 1155 1797 1322 1847; x_wconf 70' lang='lat' dir='ltr'><em>qualiter</em></span> <span class='ocrx_word' id='word_1_262' title='bbox 1339 1797 1391 1834; x_wconf 83' lang='lat' dir='ltr'><em>sit</em></span> <span class='ocrx_word' id='word_1_263' title='bbox 1409 1797 1504 1834; x_wconf 78' lang='lat' dir='ltr'><em>aliis</em></span> <span class='ocrx_word' id='word_1_264' title='bbox 1524 1810 1602 1833; x_wconf 84' lang='lat' dir='ltr'><em>non</em></span> <span class='ocrx_word' id='word_1_265' title='bbox 1621 1800 1772 1838; x_wconf 81' lang='lat' dir='ltr'><em>curant,</em></span> 
     </span>
     <span class='ocr_line' id='line_1_27' title="bbox 72 1852 1776 1909; baseline -0.004 -15"><span class='ocrx_word' id='word_1_266' title='bbox 72 1871 192 1906; x_wconf 81' lang='lat' dir='ltr'><em>neque</em></span> <span class='ocrx_word' id='word_1_267' title='bbox 213 1857 364 1895; x_wconf 84' lang='lat' dir='ltr'><em>alienos</em></span> <span class='ocrx_word' id='word_1_268' title='bbox 386 1858 536 1896; x_wconf 77' lang='lat' dir='ltr'><em>labores</em></span> <span class='ocrx_word' id='word_1_269' title='bbox 558 1868 627 1897; x_wconf 78' lang='lat' dir='ltr'><em>ant</em></span> <span class='ocrx_word' id='word_1_270' title='bbox 648 1858 825 1909; x_wconf 78' lang='lat' dir='ltr'><em>pericula</em></span> <span class='ocrx_word' id='word_1_271' title='bbox 846 1858 913 1895; x_wconf 76' lang='lat' dir='ltr'><em>sect</em></span> <span class='ocrx_word' id='word_1_272' title='bbox 933 1872 1028 1894; x_wconf 76' lang='lat' dir='ltr'><em>sitas</em></span> <span class='ocrx_word' id='word_1_273' title='bbox 1050 1866 1203 1895; x_wconf 79' lang='lat' dir='ltr'><em>tantum</em></span> <span class='ocrx_word' id='word_1_274' title='bbox 1225 1857 1397 1905; x_wconf 82' lang='lat' dir='ltr'><em>cogitant</em></span> <span class='ocrx_word' id='word_1_275' title='bbox 1419 1856 1645 1905; x_wconf 63' lang='lat' dir='ltr'><em>voluptates.</em></span> <span class='ocrx_word' id='word_1_276' title='bbox 1672 1852 1776 1889; x_wconf 76' lang='lat' dir='ltr'><em>Sunt</em></span> 
     </span>
     <span class='ocr_line' id='line_1_28' title="bbox 71 1915 1773 1968; baseline -0.005 -14"><span class='ocrx_word' id='word_1_277' title='bbox 71 1931 117 1955; x_wconf 67' lang='lat' dir='ltr'><em>est·</em></span> <span class='ocrx_word' id='word_1_278' title='bbox 143 1917 200 1954; x_wconf 88' lang='lat' dir='ltr'><em>eis</em></span> <span class='ocrx_word' id='word_1_279' title='bbox 228 1917 390 1966; x_wconf 79' lang='lat' dir='ltr'><em>quidam</em></span> <span class='ocrx_word' id='word_1_280' title='bbox 419 1918 563 1968; x_wconf 76' lang='lat' dir='ltr'><em>quibus</em></span> <span class='ocrx_word' id='word_1_281' title='bbox 596 1919 784 1956; x_wconf 77' lang='lat' dir='ltr'><em>bonorum</em></span> <span class='ocrx_word' id='word_1_282' title='bbox 812 1917 990 1954; x_wconf 81' lang='lat' dir='ltr'><em>omnium</em></span> <span class='ocrx_word' id='word_1_283' title='bbox 1020 1918 1072 1954; x_wconf 84' lang='lat' dir='ltr'><em>sit</em></span> <span class='ocrx_word' id='word_1_284' title='bbox 1101 1917 1232 1954; x_wconf 76' lang='lat' dir='ltr'><em>invisa</em></span> <span class='ocrx_word' id='word_1_285' title='bbox 1261 1915 1498 1965; x_wconf 81' lang='lat' dir='ltr'><em>praesentia,</em></span> <span class='ocrx_word' id='word_1_286' title='bbox 1529 1927 1665 1963; x_wconf 76' lang='lat' dir='ltr'><em>eosque</em></span> <span class='ocrx_word' id='word_1_287' title='bbox 1695 1924 1773 1947; x_wconf 86' lang='lat' dir='ltr'><em>non</em></span> 
     </span>
     <span class='ocr_line' id='line_1_29' title="bbox 70 1971 1774 2026; baseline -0.005 -13"><span class='ocrx_word' id='word_1_288' title='bbox 70 1984 224 2014; x_wconf 79' lang='lat' dir='ltr'><em>tantum</em></span> <span class='ocrx_word' id='word_1_289' title='bbox 251 1976 384 2014; x_wconf 77' lang='lat' dir='ltr'><em>abesse</em></span> <span class='ocrx_word' id='word_1_290' title='bbox 411 1977 590 2026; x_wconf 73' lang='lat' dir='ltr'><em>capiant,</em></span> <span class='ocrx_word' id='word_1_291' title='bbox 618 1979 686 2016; x_wconf 82' lang='lat' dir='ltr'><em>sed</em></span> <span class='ocrx_word' id='word_1_292' title='bbox 712 1991 790 2014; x_wconf 86' lang='lat' dir='ltr'><em>non</em></span> <span class='ocrx_word' id='word_1_293' title='bbox 817 1991 910 2023; x_wconf 78' lang='lat' dir='ltr'><em>esse,</em></span> <span class='ocrx_word' id='word_1_294' title='bbox 942 1984 981 2013; x_wconf 79' lang='lat' dir='ltr'><em>ut</em></span> <span class='ocrx_word' id='word_1_295' title='bbox 1008 1976 1173 2013; x_wconf 77' lang='lat' dir='ltr'><em>liberius</em></span> <span class='ocrx_word' id='word_1_296' title='bbox 1202 1976 1356 2025; x_wconf 76' lang='lat' dir='ltr'><em>possint</em></span> <span class='ocrx_word' id='word_1_297' title='bbox 1381 1975 1468 2011; x_wconf 85' lang='lat' dir='ltr'><em>sine</em></span> <span class='ocrx_word' id='word_1_298' title='bbox 1495 1971 1774 2011; x_wconf 78' lang='lat' dir='ltr'><em>contradictore</em></span> 
     </span>
     <span class='ocr_line' id='line_1_30' title="bbox 71 2035 730 2087; baseline 0.003 -14"><span class='ocrx_word' id='word_1_299' title='bbox 71 2043 105 2073; x_wconf 88' lang='lat' dir='ltr'><em>et</em></span> <span class='ocrx_word' id='word_1_300' title='bbox 120 2035 207 2072; x_wconf 89' lang='lat' dir='ltr'><em>sine</em></span> <span class='ocrx_word' id='word_1_301' title='bbox 224 2036 437 2085; x_wconf 77' lang='lat' dir='ltr'><em>conspicuo</em></span> <span class='ocrx_word' id='word_1_302' title='bbox 455 2044 544 2074; x_wconf 87' lang='lat' dir='ltr'><em>teste</em></span> <span class='ocrx_word' id='word_1_303' title='bbox 562 2051 730 2087; x_wconf 84' lang='lat' dir='ltr'><em>peccare.</em></span> 
     </span>
    </p>

    <p class='ocr_par' dir='ltr' id='par_1_7' title="bbox 71 2088 1773 2324">
     <span class='ocr_line' id='line_1_31' title="bbox 124 2088 1773 2145; baseline -0.004 -13"><span class='ocrx_word' id='word_1_304' title='bbox 124 2095 243 2134; x_wconf 88' lang='lat' dir='ltr'><em>Anno</em></span> <span class='ocrx_word' id='word_1_305' title='bbox 280 2094 601 2144; x_wconf 85' lang='lat' dir='ltr'>MCCCLXXII‚</span> <span class='ocrx_word' id='word_1_306' title='bbox 638 2097 701 2135; x_wconf 91' lang='lat' dir='ltr'><em>die</em></span> <span class='ocrx_word' id='word_1_307' title='bbox 739 2110 856 2133; x_wconf 81' lang='lat' dir='ltr'><em>xxvn</em></span> <span class='ocrx_word' id='word_1_308' title='bbox 894 2096 1072 2145; x_wconf 79' lang='lat' dir='ltr'><em>augusti,</em></span> <span class='ocrx_word' id='word_1_309' title='bbox 1119 2095 1304 2133; x_wconf 85' lang='lat' dir='ltr'><em>condidit</em></span> <span class='ocrx_word' id='word_1_310' title='bbox 1349 2100 1648 2131; x_wconf 85' lang='lat' dir='ltr'><em>testamentum</em></span> <span class='ocrx_word' id='word_1_311' title='bbox 1668 2088 1695 2131; x_wconf 69' lang='lat'><em>²,</em></span> <span class='ocrx_word' id='word_1_312' title='bbox 1733 2095 1773 2126; x_wconf 86' lang='lat' dir='ltr'><em>et</em></span> 
     </span>
     <span class='ocr_line' id='line_1_32' title="bbox 71 2146 1770 2205; baseline -0.004 -13"><span class='ocrx_word' id='word_1_313' title='bbox 71 2155 215 2192; x_wconf 85' lang='lat' dir='ltr'><em>eadem</em></span> <span class='ocrx_word' id='word_1_314' title='bbox 232 2155 295 2193; x_wconf 84' lang='lat' dir='ltr'><em>die</em></span> <span class='ocrx_word' id='word_1_315' title='bbox 314 2155 429 2202; x_wconf 82' lang='lat' dir='ltr'><em>obiit,</em></span> <span class='ocrx_word' id='word_1_316' title='bbox 448 2163 494 2193; x_wconf 84' lang='lat' dir='ltr'><em>ut</em></span> <span class='ocrx_word' id='word_1_317' title='bbox 510 2163 692 2194; x_wconf 86' lang='lat' dir='ltr'><em>testatur</em></span> <span class='ocrx_word' id='word_1_318' title='bbox 708 2154 963 2193; x_wconf 88' lang='lat' dir='ltr'><em>Contelorius</em></span> <span class='ocrx_word' id='word_1_319' title='bbox 992 2155 1045 2205; x_wconf 87' lang='lat' dir='ltr'><em>[p.</em></span> <span class='ocrx_word' id='word_1_320' title='bbox 1065 2154 1115 2192; x_wconf 83' lang='grc'><em>94</em></span> <span class='ocrx_word' id='word_1_321' title='bbox 1127 2154 1152 2204; x_wconf 83' lang='lat'><em>].</em></span> <span class='ocrx_word' id='word_1_322' title='bbox 1173 2155 1228 2191; x_wconf 77' lang='lat' dir='ltr'><em>At</em></span> <span class='ocrx_word' id='word_1_323' title='bbox 1242 2154 1439 2191; x_wconf 87' lang='lat' dir='ltr'><em>Oldoinus</em></span> <span class='ocrx_word' id='word_1_324' title='bbox 1456 2152 1499 2201; x_wconf 79' lang='lat' dir='ltr'><em>[t.</em></span> <span class='ocrx_word' id='word_1_325' title='bbox 1519 2167 1559 2198; x_wconf 89' lang='lat'><em>11,</em></span> <span class='ocrx_word' id='word_1_326' title='bbox 1578 2151 1650 2188; x_wconf 80' lang='lat' dir='ltr'><em>col.</em></span> <span class='ocrx_word' id='word_1_327' title='bbox 1671 2146 1770 2196; x_wconf 77' lang='grc'><em>567]</em></span> 
     </span>
     <span class='ocr_line' id='line_1_33' title="bbox 71 2206 1773 2264; baseline -0.005 -13"><span class='ocrx_word' id='word_1_328' title='bbox 71 2213 130 2251; x_wconf 85' lang='lat' dir='ltr'><em>ait</em></span> <span class='ocrx_word' id='word_1_329' title='bbox 146 2213 187 2251; x_wconf 89' lang='lat' dir='ltr'><em>id</em></span> <span class='ocrx_word' id='word_1_330' title='bbox 204 2228 349 2253; x_wconf 88' lang='lat' dir='ltr'><em>verum</em></span> <span class='ocrx_word' id='word_1_331' title='bbox 364 2229 447 2253; x_wconf 90' lang='lat' dir='ltr'><em>non</em></span> <span class='ocrx_word' id='word_1_332' title='bbox 464 2230 562 2263; x_wconf 88' lang='lat' dir='ltr'><em>esse,</em></span> <span class='ocrx_word' id='word_1_333' title='bbox 582 2215 728 2254; x_wconf 88' lang='lat' dir='ltr'><em>obiisse</em></span> <span class='ocrx_word' id='word_1_334' title='bbox 746 2228 924 2264; x_wconf 89' lang='lat' dir='ltr'><em>namque</em></span> <span class='ocrx_word' id='word_1_335' title='bbox 942 2222 1058 2252; x_wconf 81' lang='lat' dir='ltr'><em>sexto</em></span> <span class='ocrx_word' id='word_1_336' title='bbox 1078 2215 1156 2252; x_wconf 87' lang='lat' dir='ltr'><em>kal.</em></span> <span class='ocrx_word' id='word_1_337' title='bbox 1176 2213 1353 2264; x_wconf 77' lang='lat' dir='ltr'><em>augusti.</em></span> <span class='ocrx_word' id='word_1_338' title='bbox 1374 2212 1525 2249; x_wconf 86' lang='lat' dir='ltr'><em>Verum</em></span> <span class='ocrx_word' id='word_1_339' title='bbox 1543 2217 1699 2260; x_wconf 84' lang='lat' dir='ltr'><em>quanta</em></span> <span class='ocrx_word' id='word_1_340' title='bbox 1721 2206 1773 2243; x_wconf 88' lang='lat' dir='ltr'><em>sit</em></span> 
     </span>
     <span class='ocr_line' id='line_1_34' title="bbox 71 2273 1247 2324; baseline 0.001 -13"><span class='ocrx_word' id='word_1_341' title='bbox 71 2273 170 2311; x_wconf 86' lang='lat' dir='ltr'><em>haec</em></span> <span class='ocrx_word' id='word_1_342' title='bbox 195 2273 470 2324; x_wconf 85' lang='lat' dir='ltr'><em>discrepantia</em></span> <span class='ocrx_word' id='word_1_343' title='bbox 496 2274 612 2313; x_wconf 85' lang='lat' dir='ltr'><em>facile</em></span> <span class='ocrx_word' id='word_1_344' title='bbox 636 2274 867 2324; x_wconf 83' lang='lat' dir='ltr'><em>intelligent</em></span> <span class='ocrx_word' id='word_1_345' title='bbox 890 2274 1040 2312; x_wconf 88' lang='lat' dir='ltr'><em>eruditi</em></span> <span class='ocrx_word' id='word_1_346' title='bbox 1064 2274 1247 2312; x_wconf 85' lang='lat' dir='ltr'><em>lectores.</em></span> 
     </span>
    </p>

    <p class='ocr_par' dir='ltr' id='par_1_8' title="bbox 61 2324 1772 2443">
     <span class='ocr_line' id='line_1_35' title="bbox 129 2324 1771 2373; baseline -0.004 -3"><span class='ocrx_word' id='word_1_347' title='bbox 129 2332 174 2370; x_wconf 90' lang='lat' dir='ltr'><em>In</em></span> <span class='ocrx_word' id='word_1_348' title='bbox 201 2333 338 2371; x_wconf 90' lang='lat' dir='ltr'><em>codice</em></span> <span class='ocrx_word' id='word_1_349' title='bbox 365 2331 442 2370; x_wconf 82' lang='grc'><em>754</em></span> <span class='ocrx_word' id='word_1_350' title='bbox 466 2333 740 2373; x_wconf 88' lang='lat' dir='ltr'><em>bibliothecae</em></span> <span class='ocrx_word' id='word_1_351' title='bbox 768 2332 1058 2371; x_wconf 82' lang='lat' dir='ltr'><em>Colbertinae3</em></span> <span class='ocrx_word' id='word_1_352' title='bbox 1083 2341 1230 2371; x_wconf 87' lang='lat' dir='ltr'><em>extant</em></span> <span class='ocrx_word' id='word_1_353' title='bbox 1256 2333 1394 2370; x_wconf 71' lang='lat' dir='ltr'><em>variae</em></span> <span class='ocrx_word' id='word_1_354' title='bbox 1430 2330 1564 2368; x_wconf 90' lang='lat' dir='ltr'><em>bullae</em></span> <span class='ocrx_word' id='word_1_355' title='bbox 1601 2324 1771 2366; x_wconf 61' lang='lat' dir='ltr'><em>„loannis</em></span> 
     </span>
     <span class='ocr_line' id='line_1_36' title="bbox 61 2387 1772 2443; baseline -0.005 -13"><span class='ocrx_word' id='word_1_356' title='bbox 61 2391 203 2439; x_wconf 42' lang='lat' dir='ltr'>„XXII</span> <span class='ocrx_word' id='word_1_357' title='bbox 225 2392 273 2430; x_wconf 90' lang='lat' dir='ltr'><em>de</em></span> <span class='ocrx_word' id='word_1_358' title='bbox 294 2392 413 2430; x_wconf 89' lang='lat' dir='ltr'><em>rebus</em></span> <span class='ocrx_word' id='word_1_359' title='bbox 436 2392 592 2441; x_wconf 78' lang='lat' dir='ltr'><em>Siculis,</em></span> <span class='ocrx_word' id='word_1_360' title='bbox 615 2408 665 2432; x_wconf 84' lang='lat' dir='ltr'><em>ex</em></span> <span class='ocrx_word' id='word_1_361' title='bbox 686 2393 834 2443; x_wconf 87' lang='lat' dir='ltr'><em>quibus</em></span> <span class='ocrx_word' id='word_1_362' title='bbox 856 2401 1021 2430; x_wconf 90' lang='lat' dir='ltr'><em>constat</em></span> <span class='ocrx_word' id='word_1_363' title='bbox 1041 2393 1220 2430; x_wconf 91' lang='lat' dir='ltr'><em>nobilem</em></span> <span class='ocrx_word' id='word_1_364' title='bbox 1241 2392 1376 2430; x_wconf 78' lang='lat' dir='ltr'><em>virum</em></span> <span class='ocrx_word' id='word_1_365' title='bbox 1398 2391 1603 2428; x_wconf 74' lang='lat' dir='ltr'><em>,loannem</em></span> <span class='ocrx_word' id='word_1_366' title='bbox 1624 2387 1772 2425; x_wconf 88' lang='lat' dir='ltr'><em>Cabas·</em></span> 
     </span>
    </p>
   </div>
   <div class='ocr_carea' id='block_1_3' title="bbox 71 2444 1771 2561">
    <p class='ocr_par' dir='ltr' id='par_1_9' title="bbox 71 2444 1771 2561">
     <span class='ocr_line' id='line_1_37' title="bbox 71 2444 1771 2503; baseline -0.005 -13"><span class='ocrx_word' id='word_1_367' title='bbox 71 2452 168 2499; x_wconf 90' lang='lat' dir='ltr'><em>sole,</em></span> <span class='ocrx_word' id='word_1_368' title='bbox 197 2452 383 2499; x_wconf 81' lang='lat' dir='ltr'><em>militem,</em></span> <span class='ocrx_word' id='word_1_369' title='bbox 413 2451 535 2490; x_wconf 89' lang='lat' dir='ltr'><em>fuisse</em></span> <span class='ocrx_word' id='word_1_370' title='bbox 563 2453 808 2503; x_wconf 84' lang='lat' dir='ltr'><em>magistrum</em></span> <span class='ocrx_word' id='word_1_371' title='bbox 834 2453 1080 2491; x_wconf 82' lang='lat' dir='ltr'><em>rationalem</em></span> <span class='ocrx_word' id='word_1_372' title='bbox 1107 2466 1279 2501; x_wconf 82' lang='lat' dir='ltr'><em>magnae</em></span> <span class='ocrx_word' id='word_1_373' title='bbox 1308 2451 1442 2489; x_wconf 89' lang='lat' dir='ltr'><em>curiae</em></span> <span class='ocrx_word' id='word_1_374' title='bbox 1472 2447 1642 2487; x_wconf 82' lang='lat' dir='ltr'><em>Roberti</em></span> <span class='ocrx_word' id='word_1_375' title='bbox 1669 2444 1771 2494; x_wconf 84' lang='lat' dir='ltr'><em>regis</em></span> 
     </span>
     <span class='ocr_line' id='line_1_38' title="bbox 74 2504 1769 2561; baseline -0.005 -12"><span class='ocrx_word' id='word_1_376' title='bbox 74 2510 232 2550; x_wconf 86' lang='lat' dir='ltr'><em>Siciliae</em></span> <span class='ocrx_word' id='word_1_377' title='bbox 260 2511 311 2549; x_wconf 87' lang='lat' dir='ltr'><em>ab</em></span> <span class='ocrx_word' id='word_1_378' title='bbox 340 2525 447 2549; x_wconf 91' lang='lat' dir='ltr'><em>anno</em></span> <span class='ocrx_word' id='word_1_379' title='bbox 477 2511 724 2550; x_wconf 87' lang='lat' dir='ltr'>MCCCXIX</span> <span class='ocrx_word' id='word_1_380' title='bbox 752 2526 881 2561; x_wconf 89' lang='lat' dir='ltr'><em>usque</em></span> <span class='ocrx_word' id='word_1_381' title='bbox 909 2512 960 2550; x_wconf 86' lang='lat' dir='ltr'><em>ad</em></span> <span class='ocrx_word' id='word_1_382' title='bbox 989 2526 1144 2550; x_wconf 89' lang='lat' dir='ltr'><em>annum</em></span> <span class='ocrx_word' id='word_1_383' title='bbox 1172 2511 1433 2550; x_wconf 88' lang='lat' dir='ltr'><em>millesimum</em></span> <span class='ocrx_word' id='word_1_384' title='bbox 1461 2504 1769 2547; x_wconf 83' lang='lat' dir='ltr'>CCCXXXIII.</span> 
     </span>
    </p>
   </div>
   <div class='ocr_carea' id='block_1_4' title="bbox 71 2629 1774 3203">
    <p class='ocr_par' dir='ltr' id='par_1_10' title="bbox 71 2629 1771 2943">
     <span class='ocr_line' id='line_1_39' title="bbox 122 2629 1769 2678; baseline -0.003 -12"><span class='ocrx_word' id='word_1_385' title='bbox 122 2634 154 2667; x_wconf 91' lang='lat'><em>1.</em></span> <span class='ocrx_word' id='word_1_386' title='bbox 185 2633 238 2667; x_wconf 88' lang='lat' dir='ltr'><em>La</em></span> <span class='ocrx_word' id='word_1_387' title='bbox 276 2635 386 2668; x_wconf 86' lang='lat' dir='ltr'><em>lettre</em></span> <span class='ocrx_word' id='word_1_388' title='bbox 427 2635 470 2668; x_wconf 92' lang='lat' dir='ltr'><em>de</em></span> <span class='ocrx_word' id='word_1_389' title='bbox 498 2635 629 2678; x_wconf 70' lang='lat' dir='ltr'><em>rappei</em></span> <span class='ocrx_word' id='word_1_390' title='bbox 656 2641 713 2668; x_wconf 88' lang='lat' dir='ltr'><em>est</em></span> <span class='ocrx_word' id='word_1_391' title='bbox 741 2635 791 2667; x_wconf 90' lang='lat' dir='ltr'><em>du</em></span> <span class='ocrx_word' id='word_1_392' title='bbox 821 2635 863 2668; x_wconf 85' lang='lat'><em>27</em></span> <span class='ocrx_word' id='word_1_393' title='bbox 893 2635 1028 2667; x_wconf 78' lang='lat' dir='ltr'><em>sevrier</em></span> <span class='ocrx_word' id='word_1_394' title='bbox 1056 2634 1148 2667; x_wconf 83' lang='lat'>1369</span> <span class='ocrx_word' id='word_1_395' title='bbox 1181 2631 1581 2675; x_wconf 79' lang='lat' dir='ltr'><em>(Albanes-Chevalier,</em></span> <span class='ocrx_word' id='word_1_396' title='bbox 1611 2641 1667 2673; x_wconf 84' lang='lat' dir='ltr'><em>op.</em></span> <span class='ocrx_word' id='word_1_397' title='bbox 1698 2629 1769 2668; x_wconf 65' lang='lat' dir='ltr'><em>cit,</em></span> 
     </span>
     <span class='ocr_line' id='line_1_40' title="bbox 73 2683 1769 2730; baseline -0.004 -10"><span class='ocrx_word' id='word_1_398' title='bbox 73 2693 100 2720; x_wconf 86' lang='lat' dir='ltr'><em>t.</em></span> <span class='ocrx_word' id='word_1_399' title='bbox 125 2699 188 2727; x_wconf 84' lang='lat' dir='ltr'><em>vn,</em></span> <span class='ocrx_word' id='word_1_400' title='bbox 212 2699 247 2720; x_wconf 92' lang='lat' dir='ltr'><em>n.</em></span> <span class='ocrx_word' id='word_1_401' title='bbox 273 2688 366 2721; x_wconf 87' lang='lat'>1500</span> <span class='ocrx_word' id='word_1_402' title='bbox 389 2694 427 2721; x_wconf 87' lang='lat' dir='ltr'><em>et</em></span> <span class='ocrx_word' id='word_1_403' title='bbox 449 2688 570 2730; x_wconf 85' lang='lat'>1501).</span> <span class='ocrx_word' id='word_1_404' title='bbox 596 2687 645 2721; x_wconf 88' lang='lat' dir='ltr'><em>Le</em></span> <span class='ocrx_word' id='word_1_405' title='bbox 670 2688 837 2721; x_wconf 85' lang='lat' dir='ltr'><em>cardinal</em></span> <span class='ocrx_word' id='word_1_406' title='bbox 860 2700 896 2721; x_wconf 87' lang='lat' dir='ltr'><em>se</em></span> <span class='ocrx_word' id='word_1_407' title='bbox 921 2687 1091 2720; x_wconf 83' lang='lat' dir='ltr'><em>trouvait</em></span> <span class='ocrx_word' id='word_1_408' title='bbox 1113 2698 1244 2719; x_wconf 87' lang='lat' dir='ltr'><em>encore</em></span> <span class='ocrx_word' id='word_1_409' title='bbox 1268 2697 1313 2718; x_wconf 84' lang='lat' dir='ltr'><em>en</em></span> <span class='ocrx_word' id='word_1_410' title='bbox 1336 2685 1512 2727; x_wconf 81' lang='lat' dir='ltr'><em>Avignon</em></span> <span class='ocrx_word' id='word_1_411' title='bbox 1534 2683 1564 2716; x_wconf 91' lang='lat' dir='ltr'><em>le</em></span> <span class='ocrx_word' id='word_1_412' title='bbox 1591 2683 1634 2715; x_wconf 86' lang='lat'><em>20</em></span> <span class='ocrx_word' id='word_1_413' title='bbox 1658 2692 1769 2714; x_wconf 86' lang='lat' dir='ltr'><em>mars.</em></span> 
     </span>
     <span class='ocr_line' id='line_1_41' title="bbox 73 2735 1768 2783; baseline -0.004 -10"><span class='ocrx_word' id='word_1_414' title='bbox 73 2739 150 2773; x_wconf 90' lang='lat' dir='ltr'><em>Son</em></span> <span class='ocrx_word' id='word_1_415' title='bbox 176 2740 310 2783; x_wconf 70' lang='lat' dir='ltr'><em>depart</em></span> <span class='ocrx_word' id='word_1_416' title='bbox 335 2746 401 2773; x_wconf 88' lang='lat' dir='ltr'><em>eut</em></span> <span class='ocrx_word' id='word_1_417' title='bbox 427 2740 823 2775; x_wconf 84' lang='lat' dir='ltr'><em>vraisemblablement</em></span> <span class='ocrx_word' id='word_1_418' title='bbox 848 2741 921 2774; x_wconf 90' lang='lat' dir='ltr'><em>lieu</em></span> <span class='ocrx_word' id='word_1_419' title='bbox 949 2752 1030 2773; x_wconf 89' lang='lat' dir='ltr'><em>vers</em></span> <span class='ocrx_word' id='word_1_420' title='bbox 1058 2740 1093 2772; x_wconf 87' lang='lat' dir='ltr'><em>la</em></span> <span class='ocrx_word' id='word_1_421' title='bbox 1123 2740 1173 2772; x_wconf 86' lang='lat' dir='ltr'><em>fin</em></span> <span class='ocrx_word' id='word_1_422' title='bbox 1201 2740 1250 2771; x_wconf 92' lang='lat' dir='ltr'><em>du</em></span> <span class='ocrx_word' id='word_1_423' title='bbox 1277 2738 1370 2770; x_wconf 89' lang='lat' dir='ltr'><em>mois</em></span> <span class='ocrx_word' id='word_1_424' title='bbox 1399 2737 1531 2769; x_wconf 83' lang='lat' dir='ltr'><em>d&#39;avril</em></span> <span class='ocrx_word' id='word_1_425' title='bbox 1563 2735 1615 2779; x_wconf 91' lang='lat' dir='ltr'><em>(F</em></span> <span class='ocrx_word' id='word_1_426' title='bbox 1647 2735 1768 2773; x_wconf 86' lang='lat' dir='ltr'><em>Ehrle,</em></span> 
     </span>
     <span class='ocr_line' id='line_1_42' title="bbox 72 2786 1770 2837; baseline -0.004 -11"><span class='ocrx_word' id='word_1_427' title='bbox 72 2793 242 2826; x_wconf 84' lang='lat' dir='ltr'><em>Historia</em></span> <span class='ocrx_word' id='word_1_428' title='bbox 267 2793 506 2834; x_wconf 82' lang='lat' dir='ltr'><em>bibliothecae,</em></span> <span class='ocrx_word' id='word_1_429' title='bbox 534 2800 560 2827; x_wconf 85' lang='lat' dir='ltr'><em>t.</em></span> <span class='ocrx_word' id='word_1_430' title='bbox 585 2807 610 2833; x_wconf 79' lang='lat'><em>1,</em></span> <span class='ocrx_word' id='word_1_431' title='bbox 637 2806 671 2837; x_wconf 92' lang='lat' dir='ltr'><em>p.</em></span> <span class='ocrx_word' id='word_1_432' title='bbox 700 2795 779 2833; x_wconf 83' lang='lat'><em>267,</em></span> <span class='ocrx_word' id='word_1_433' title='bbox 808 2794 876 2827; x_wconf 85' lang='lat'><em>284</em></span> <span class='ocrx_word' id='word_1_434' title='bbox 900 2799 939 2826; x_wconf 84' lang='lat' dir='ltr'><em>et</em></span> <span class='ocrx_word' id='word_1_435' title='bbox 963 2792 1060 2835; x_wconf 87' lang='grc'>362).</span> <span class='ocrx_word' id='word_1_436' title='bbox 1086 2793 1216 2825; x_wconf 84' lang='lat' dir='ltr'><em>Avant</em></span> <span class='ocrx_word' id='word_1_437' title='bbox 1242 2792 1284 2824; x_wconf 85' lang='lat' dir='ltr'><em>de</em></span> <span class='ocrx_word' id='word_1_438' title='bbox 1311 2791 1453 2834; x_wconf 85' lang='lat' dir='ltr'><em>quitter</em></span> <span class='ocrx_word' id='word_1_439' title='bbox 1476 2789 1652 2831; x_wconf 87' lang='lat' dir='ltr'><em>Avignon</em></span> <span class='ocrx_word' id='word_1_440' title='bbox 1675 2787 1700 2820; x_wconf 88' lang='lat' dir='ltr'><em>il</em></span> <span class='ocrx_word' id='word_1_441' title='bbox 1728 2786 1770 2819; x_wconf 80' lang='lat' dir='ltr'><em>fit</em></span> 
     </span>
     <span class='ocr_line' id='line_1_43' title="bbox 71 2839 1771 2890; baseline -0.004 -12"><span class='ocrx_word' id='word_1_442' title='bbox 71 2845 303 2879; x_wconf 87' lang='lat' dir='ltr'><em>inventorier</em></span> <span class='ocrx_word' id='word_1_443' title='bbox 321 2847 371 2879; x_wconf 91' lang='lat' dir='ltr'><em>les</em></span> <span class='ocrx_word' id='word_1_444' title='bbox 391 2846 569 2880; x_wconf 82' lang='lat' dir='ltr'><em>richesses</em></span> <span class='ocrx_word' id='word_1_445' title='bbox 591 2848 634 2880; x_wconf 88' lang='lat' dir='ltr'><em>de</em></span> <span class='ocrx_word' id='word_1_446' title='bbox 653 2839 816 2890; x_wconf 78' lang='lat' dir='ltr'><em>J’Eglise.</em></span> <span class='ocrx_word' id='word_1_447' title='bbox 839 2846 888 2879; x_wconf 91' lang='lat' dir='ltr'><em>Le</em></span> <span class='ocrx_word' id='word_1_448' title='bbox 909 2845 1110 2889; x_wconf 80' lang='lat' dir='ltr'><em>repertoire</em></span> <span class='ocrx_word' id='word_1_449' title='bbox 1133 2845 1175 2877; x_wconf 91' lang='lat' dir='ltr'><em>de</em></span> <span class='ocrx_word' id='word_1_450' title='bbox 1196 2845 1231 2877; x_wconf 84' lang='lat' dir='ltr'><em>la</em></span> <span class='ocrx_word' id='word_1_451' title='bbox 1251 2844 1508 2886; x_wconf 75' lang='lat' dir='ltr'><em>bibliotheque</em></span> <span class='ocrx_word' id='word_1_452' title='bbox 1531 2843 1593 2875; x_wconf 89' lang='lat' dir='ltr'><em>des</em></span> <span class='ocrx_word' id='word_1_453' title='bbox 1614 2852 1728 2884; x_wconf 82' lang='lat' dir='ltr'><em>papes</em></span> <span class='ocrx_word' id='word_1_454' title='bbox 1750 2851 1771 2872; x_wconf 90' lang='lat' dir='ltr'><em>a</em></span> 
     </span>
     <span class='ocr_line' id='line_1_44' title="bbox 75 2898 1076 2943; baseline -0.001 -11"><span class='ocrx_word' id='word_1_455' title='bbox 75 2900 133 2932; x_wconf 73' lang='lat' dir='ltr'><em>ete</em></span> <span class='ocrx_word' id='word_1_456' title='bbox 156 2899 283 2942; x_wconf 78' lang='lat' dir='ltr'><em>publie</em></span> <span class='ocrx_word' id='word_1_457' title='bbox 306 2911 374 2943; x_wconf 87' lang='lat' dir='ltr'><em>par</em></span> <span class='ocrx_word' id='word_1_458' title='bbox 398 2899 507 2932; x_wconf 89' lang='lat' dir='ltr'><em>Ehrle</em></span> <span class='ocrx_word' id='word_1_459' title='bbox 536 2898 612 2943; x_wconf 82' lang='lat' dir='ltr'><em>(op.</em></span> <span class='ocrx_word' id='word_1_460' title='bbox 637 2901 707 2939; x_wconf 72' lang='lat' dir='ltr'><em>cit,</em></span> <span class='ocrx_word' id='word_1_461' title='bbox 733 2906 759 2933; x_wconf 88' lang='lat' dir='ltr'><em>t.</em></span> <span class='ocrx_word' id='word_1_462' title='bbox 782 2912 806 2939; x_wconf 86' lang='lat'><em>1,</em></span> <span class='ocrx_word' id='word_1_463' title='bbox 831 2911 866 2942; x_wconf 88' lang='lat' dir='ltr'><em>p.</em></span> <span class='ocrx_word' id='word_1_464' title='bbox 893 2898 1076 2941; x_wconf 85' lang='lat'><em>277-437).</em></span> 
     </span>
    </p>

    <p class='ocr_par' dir='ltr' id='par_1_11' title="bbox 74 2945 1774 3150">
     <span class='ocr_line' id='line_1_45' title="bbox 124 2945 1772 2995; baseline -0.004 -11"><span class='ocrx_word' id='word_1_465' title='bbox 124 2953 155 2985; x_wconf 93' lang='grc'>2.</span> <span class='ocrx_word' id='word_1_466' title='bbox 187 2952 224 2985; x_wconf 91' lang='lat' dir='ltr'><em>F.</em></span> <span class='ocrx_word' id='word_1_467' title='bbox 250 2952 446 2986; x_wconf 87' lang='lat' dir='ltr'><em>Duchesne</em></span> <span class='ocrx_word' id='word_1_468' title='bbox 474 2950 656 2995; x_wconf 83' lang='lat' dir='ltr'><em>(Histoire</em></span> <span class='ocrx_word' id='word_1_469' title='bbox 689 2953 729 2985; x_wconf 84' lang='lat' dir='ltr'><em>de</em></span> <span class='ocrx_word' id='word_1_470' title='bbox 762 2948 840 2985; x_wconf 78' lang='lat' dir='ltr'><em>tous</em></span> <span class='ocrx_word' id='word_1_471' title='bbox 861 2952 911 2984; x_wconf 86' lang='lat' dir='ltr'><em>les</em></span> <span class='ocrx_word' id='word_1_472' title='bbox 932 2951 1135 2984; x_wconf 68' lang='lat' dir='ltr'><em>cardinalem</em></span> <span class='ocrx_word' id='word_1_473' title='bbox 1153 2950 1324 2992; x_wconf 71' lang='lat' dir='ltr'><em>franceis,</em></span> <span class='ocrx_word' id='word_1_474' title='bbox 1349 2955 1374 2982; x_wconf 87' lang='lat' dir='ltr'><em>t.</em></span> <span class='ocrx_word' id='word_1_475' title='bbox 1397 2961 1433 2988; x_wconf 91' lang='lat'><em>11,</em></span> <span class='ocrx_word' id='word_1_476' title='bbox 1457 2961 1491 2992; x_wconf 91' lang='lat' dir='ltr'><em>p.</em></span> <span class='ocrx_word' id='word_1_477' title='bbox 1515 2945 1700 2990; x_wconf 78' lang='lat'>417-425).</span> <span class='ocrx_word' id='word_1_478' title='bbox 1723 2965 1772 2969; x_wconf 90' lang='lat'>—</span> 
     </span>
     <span class='ocr_line' id='line_1_46' title="bbox 74 3000 1774 3048; baseline -0.004 -11"><span class='ocrx_word' id='word_1_479' title='bbox 74 3003 145 3038; x_wconf 91' lang='lat' dir='ltr'><em>Sur</em></span> <span class='ocrx_word' id='word_1_480' title='bbox 175 3005 344 3048; x_wconf 90' lang='lat' dir='ltr'><em>Philippe</em></span> <span class='ocrx_word' id='word_1_481' title='bbox 375 3005 418 3038; x_wconf 89' lang='lat' dir='ltr'><em>de</em></span> <span class='ocrx_word' id='word_1_482' title='bbox 448 3005 658 3045; x_wconf 85' lang='lat' dir='ltr'><em>Cabassole,</em></span> <span class='ocrx_word' id='word_1_483' title='bbox 689 3005 770 3038; x_wconf 89' lang='lat' dir='ltr'><em>voir</em></span> <span class='ocrx_word' id='word_1_484' title='bbox 797 3005 840 3038; x_wconf 88' lang='lat' dir='ltr'><em>A.</em></span> <span class='ocrx_word' id='word_1_485' title='bbox 873 3004 1068 3037; x_wconf 85' lang='lat' dir='ltr'><em>Callebaut</em></span> <span class='ocrx_word' id='word_1_486' title='bbox 1101 3002 1279 3045; x_wconf 84' lang='lat' dir='ltr'><em>(Thomas</em></span> <span class='ocrx_word' id='word_1_487' title='bbox 1308 3003 1348 3035; x_wconf 82' lang='lat' dir='ltr'><em>de</em></span> <span class='ocrx_word' id='word_1_488' title='bbox 1376 3002 1575 3044; x_wconf 82' lang='lat' dir='ltr'><em>Frigdano,</em></span> <span class='ocrx_word' id='word_1_489' title='bbox 1607 3000 1774 3033; x_wconf 83' lang='lat' dir='ltr'><em>ministre</em></span> 
     </span>
     <span class='ocr_line' id='line_1_47' title="bbox 75 3052 1773 3101; baseline -0.004 -10"><span class='ocrx_word' id='word_1_490' title='bbox 75 3058 219 3101; x_wconf 65' lang='lat' dir='ltr'><em>general</em></span> <span class='ocrx_word' id='word_1_491' title='bbox 233 3063 265 3091; x_wconf 83' lang='lat' dir='ltr'><em>et</em></span> <span class='ocrx_word' id='word_1_492' title='bbox 279 3069 334 3090; x_wconf 85' lang='lat' dir='ltr'><em>ses</em></span> <span class='ocrx_word' id='word_1_493' title='bbox 350 3058 555 3100; x_wconf 74' lang='lat' dir='ltr'><em>defensears</em></span> <span class='ocrx_word' id='word_1_494' title='bbox 572 3071 579 3090; x_wconf 93' lang='lat'><strong>:</strong></span> <span class='ocrx_word' id='word_1_495' title='bbox 597 3058 803 3101; x_wconf 77' lang='lat' dir='ltr'><em>Pe&#39;trarqae,</em></span> <span class='ocrx_word' id='word_1_496' title='bbox 821 3057 923 3090; x_wconf 85' lang='lat' dir='ltr'><em>Phili</em></span> <span class='ocrx_word' id='word_1_497' title='bbox 926 3068 998 3100; x_wconf 84' lang='lat' dir='ltr'><em>ppe</em></span> <span class='ocrx_word' id='word_1_498' title='bbox 1013 3057 1054 3089; x_wconf 85' lang='lat' dir='ltr'><em>de</em></span> <span class='ocrx_word' id='word_1_499' title='bbox 1071 3055 1265 3089; x_wconf 85' lang='lat' dir='ltr'><em>Cabassole</em></span> <span class='ocrx_word' id='word_1_500' title='bbox 1280 3060 1311 3088; x_wconf 87' lang='lat' dir='ltr'><em>et</em></span> <span class='ocrx_word' id='word_1_501' title='bbox 1325 3054 1502 3098; x_wconf 71' lang='lat' dir='ltr'><em>Philippa</em></span> <span class='ocrx_word' id='word_1_502' title='bbox 1518 3054 1559 3086; x_wconf 86' lang='lat' dir='ltr'><em>de</em></span> <span class='ocrx_word' id='word_1_503' title='bbox 1575 3052 1773 3086; x_wconf 64' lang='lat' dir='ltr'><em>Maizieres</em></span> 
     </span>
     <span class='ocr_line' id='line_1_48' title="bbox 75 3105 1770 3150; baseline -0.003 -5"><span class='ocrx_word' id='word_1_504' title='bbox 75 3122 151 3145; x_wconf 71' lang='lat' dir='ltr'><em>vers</em></span> <span class='ocrx_word' id='word_1_505' title='bbox 165 3110 383 3150; x_wconf 83' lang='lat'><em>1369-1370,</em></span> <span class='ocrx_word' id='word_1_506' title='bbox 401 3111 493 3143; x_wconf 89' lang='lat' dir='ltr'><em>dans</em></span> <span class='ocrx_word' id='word_1_507' title='bbox 518 3111 720 3144; x_wconf 73' lang='lat' dir='ltr'><em>Archivam</em></span> <span class='ocrx_word' id='word_1_508' title='bbox 737 3111 1029 3144; x_wconf 70' lang='lat' dir='ltr'><em>Franciscanum</em></span> <span class='ocrx_word' id='word_1_509' title='bbox 1053 3109 1274 3148; x_wconf 83' lang='lat' dir='ltr'><em>historicum,</em></span> <span class='ocrx_word' id='word_1_510' title='bbox 1292 3114 1317 3141; x_wconf 92' lang='lat' dir='ltr'><em>t.</em></span> <span class='ocrx_word' id='word_1_511' title='bbox 1335 3120 1361 3140; x_wconf 88' lang='lat' dir='ltr'>x</span> <span class='ocrx_word' id='word_1_512' title='bbox 1380 3107 1513 3150; x_wconf 84' lang='lat'>(1917),</span> <span class='ocrx_word' id='word_1_513' title='bbox 1530 3118 1565 3150; x_wconf 90' lang='lat' dir='ltr'><em>p.</em></span> <span class='ocrx_word' id='word_1_514' title='bbox 1583 3105 1770 3149; x_wconf 83' lang='lat'><em>239-249).</em></span> 
     </span>
    </p>

    <p class='ocr_par' dir='ltr' id='par_1_12' title="bbox 124 3161 1381 3203">
     <span class='ocr_line' id='line_1_49' title="bbox 124 3161 1381 3203; baseline -0.004 -5"><span class='ocrx_word' id='word_1_515' title='bbox 124 3164 156 3198; x_wconf 92' lang='lat'><em>3.</em></span> <span class='ocrx_word' id='word_1_516' title='bbox 185 3163 225 3197; x_wconf 92' lang='grc' dir='ltr'><em>Β.</em></span> <span class='ocrx_word' id='word_1_517' title='bbox 246 3163 303 3203; x_wconf 88' lang='grc' dir='ltr'>Ν.,</span> <span class='ocrx_word' id='word_1_518' title='bbox 321 3175 388 3197; x_wconf 88' lang='lat' dir='ltr'><em>ms.</em></span> <span class='ocrx_word' id='word_1_519' title='bbox 406 3163 501 3196; x_wconf 82' lang='lat' dir='ltr'><em>latin</em></span> <span class='ocrx_word' id='word_1_520' title='bbox 517 3163 610 3196; x_wconf 85' lang='lat'><em>5913</em></span> <span class='ocrx_word' id='word_1_521' title='bbox 625 3163 669 3203; x_wconf 93' lang='lat' dir='ltr'><em>A,</em></span> <span class='ocrx_word' id='word_1_522' title='bbox 686 3163 748 3197; x_wconf 77' lang='lat' dir='ltr'><em>fol.</em></span> <span class='ocrx_word' id='word_1_523' title='bbox 767 3164 812 3196; x_wconf 90' lang='grc'><em>12</em></span> <span class='ocrx_word' id='word_1_524' title='bbox 828 3167 879 3202; x_wconf 86' lang='lat' dir='ltr'><em>v0,</em></span> <span class='ocrx_word' id='word_1_525' title='bbox 897 3163 943 3195; x_wconf 87' lang='grc'>16</span> <span class='ocrx_word' id='word_1_526' title='bbox 959 3167 1010 3202; x_wconf 90' lang='lat' dir='ltr'><em>v0,</em></span> <span class='ocrx_word' id='word_1_527' title='bbox 1027 3162 1071 3194; x_wconf 92' lang='lat'>17</span> <span class='ocrx_word' id='word_1_528' title='bbox 1087 3166 1132 3201; x_wconf 71' lang='grc' dir='ltr'><em>ΓΟ,</em></span> <span class='ocrx_word' id='word_1_529' title='bbox 1149 3161 1194 3194; x_wconf 86' lang='grc'>19</span> <span class='ocrx_word' id='word_1_530' title='bbox 1211 3161 1315 3194; x_wconf 85' lang='lat' dir='ltr'>v0-22</span> <span class='ocrx_word' id='word_1_531' title='bbox 1331 3165 1381 3194; x_wconf 72' lang='grc' dir='ltr'>νο.</span> 
     </span>
    </p>
   </div>
  </div>
 </body>
</html>
