2083 3458
244 259 324 300 :386
891 269 1043 296 NOTAE
1078 269 1138 294 AD
1173 269 1301 295 VITAs
1824 253 1949 309 [784]

243 357 502 409 Burgundiae
535 356 737 403 Palatina,
769 355 804 394 ei
834 362 876 394 et
906 353 1075 392 Nicolao
1106 352 1156 391 de
1186 353 1294 402 Lyra
1326 353 1635 392 commendavit
1664 352 1952 393 fundationem

244 417 399 467 collegii
430 416 665 455 parisiensis
696 415 819 465 vulgo
849 413 988 452 vocati
1019 413 1068 451 de
1097 411 1351 463 Burgundia,
1384 412 1494 463 quod
1523 412 1612 463 ipsa
1641 412 1854 463 inceperat
1883 413 1953 452 sed

247 477 437 527 perficere
466 483 634 526 propter
664 482 839 512 mortem
868 487 951 510 non
988 471 1147 522 potuit3
1177 471 1272 510 vide
1301 479 1331 511 t.
1359 486 1401 510 1v
1425 470 1532 510 Hist.
1564 471 1777 511 Universit·
1803 471 1952 520 Paris.,

257 551 281 575 J.
312 535 398 574 235.
946 562 950 567 -

247 552 253 586 ι
297 596 414 632 Anno
440 592 770 632 MCCCXXXIV
794 591 858 630 die
881 590 1005 629 tertia
1030 589 1256 628 decembris
1280 590 1471 629 interfuit
1492 590 1663 630 solemni
1686 590 1952 629 declarationi

246 668 369 703 quam
396 654 575 691 ,loannes
604 652 732 689 XXII
758 650 981 689 moriturus
1008 649 1138 688 edidit
1163 649 1268 688 circa
1295 649 1531 700 opinionem
1570 650 1618 688 de
1643 650 1800 689 visione
1825 650 1955 689 beati—

250 714 324 750 fica
344 714 375 751 ¹:
399 712 520 750 Odor.
546 710 764 760 Raynald„
786 724 850 748 an.
875 709 989 757 1334,
1017 708 1033 757 ἓ
1053 708 1115 747 36.

299 772 416 809 Anno
451 769 799 817 MCCCXXXIX,
833 782 927 807 eum
958 768 1082 806 fuisse
1115 767 1318 807 decanum
1350 768 1610 807 Aniciensem
1641 777 1683 807 et
1713 768 1956 819 impetrasse

244 845 292 868 ne
320 844 488 880 corpora
515 829 805 868 canonicorum
830 823 1111 866 Aniciensium
1136 827 1406 878 sepelirentur
1429 827 1540 866 intra
1562 827 1776 867 ecclesiam
1799 826 1956 879 reperio

246 889 495 927 adnotatum
518 889 569 926 ab
594 888 736 927 Odone
759 887 943 937 Gisseyo,
966 886 1035 925 lib.
1064 887 1128 925 III
1149 887 1257 925 Hist.
1281 886 1416 935 Amic„
1440 901 1529 938 cap.
1554 902 1657 927 XXII.

298 949 416 986 Anno
447 947 662 986 MCCCXL
693 946 878 985 condidit
908 946 1206 985 monasterium
1235 946 1465 986 Montisalti
1494 961 1621 998 prope
1650 946 1958 985 Villamnovam

253 1007 547 1046 Avenionensis
588 1006 801 1052 dioecesis3
844 1006 987 1045 Franc.
1016 1005 1237 1060 *LNouguier
1275 1005 1317 1043 in
1355 1006 1462 1045 Hist.
1504 1006 1703 1044 Ecclesiae
1746 1005 1957 1054 Avenion„

252 1081 290 1117 p.
320 1066 403 1105 131.
1038 1076 1041 1077 ’

300 1126 417 1164 Anno
446 1125 699 1174 MCCCXLI,
729 1125 794 1165 die
822 1139 931 1163 XXIX
957 1124 1062 1175 julii,
1091 1124 1222 1175 Guigo
1251 1125 1300 1164 dc
1329 1125 1481 1164 Sancto
1511 1125 1715 1164 Germano
1744 1124 1958 1176 episcopus

201 1192 203 1195 ’
251 1185 510 1232 Cassinensis,
532 1185 628 1223 olim
647 1184 866 1236 canonicus
886 1184 1127 1229 Aniciensis,
1145 1184 1204 1223 ita
1226 1184 1389 1236 scripsit
1405 1184 1448 1223 in
1466 1199 1539 1223 suo
1558 1192 1811 1224 testamento
1831 1200 1840 1224 ι
1863 1184 1961 1223 Item

250 1258 474 1294 recognosco
499 1252 533 1282 et
557 1244 740 1294 confiteor
764 1258 822 1282 me
846 1243 968 1282 teneri
991 1258 1037 1282 ex
1061 1258 1182 1282 caasa
1206 1244 1286 1282 veri
1309 1252 1344 1282 et
1366 1244 1461 1295 pari
1486 1244 1615 1282 mutui
1639 1243 1960 1283 reverendissimo

247 1304 351 1353 patri
376 1312 410 1342 et
435 1304 593 1342 domino
619 1317 701 1341 meo
725 1303 915 1354 precipuo
941 1303 1100 1342 domino
1125 1304 1241 1342 Petro
1266 1303 1373 1342 titali
1400 1303 1538 1342 Sancti
1563 1303 1776 1342 Clementis
1800 1303 1960 1355 presby-

247 1372 321 1401 tero
344 1362 541 1401 cardinali
565 1363 609 1401 in
630 1371 785 1401 centum
807 1363 969 1413 florenis
991 1363 1082 1401 αιινί
1105 1363 1150 1401 de
1172 1363 1388 1402 Florentia.

299 1422 418 1461 Anno
449 1422 749 1471 MCCCXLIII,
782 1422 846 1461 die
876 1437 952 1460 xxi
980 1422 1174 1472 januarii,
1205 1422 1395 1461 Aimarus
1426 1422 1616 1461 dominus
1649 1422 1890 1462 Rossilionis
1920 1430 1962 1462 et

248 1482 453 1520 Annonaii
486 1482 628 1520 villam
662 1481 711 1520 de
745 1481 1007 1520 Columbario
1041 1496 1088 1521 ac
1121 1495 1266 1520 mansa
1300 1482 1350 1521 de
1384 1481 1539 1521 Gurino
1572 1496 1723 1532 magno
1757 1489 1799 1521 et
1830 1495 1961 1533 parvo

247 1540 420 1579 donavit
444 1541 595 1579 Joanni
617 1541 837 1580 Bertrandi
862 1541 911 1580 de
935 1541 1197 1580 Columbario
1221 1541 1450 1590 domicello,
1476 1540 1826 1592 contemplatione
1851 1540 1960 1580 Petri

248 1599 283 1638 S.
318 1600 536 1640 Clementis
569 1600 786 1639 cardinalis
817 1615 864 1639 ac
896 1600 1007 1640 Petri
1038 1600 1218 1652 episcopi
1248 1600 1554 1640 Attrebatensis
1585 1609 1832 1651 patruorum
1861 1600 1961 1640 dicti

248 1659 437 1705 Joannis3
458 1660 629 1698 Preaoes
647 1660 692 1698 de
709 1659 900 1698 l'histoire
918 1660 983 1698 cles
1001 1669 1140 1698 comtes
1159 1661 1203 1698 de
1226 1659 1488 1708 Valentinois,
1506 1674 1545 1711 p.
1567 1659 1630 1700 25.

300 1719 418 1757 Anno
440 1719 731 1767 MCCCXLVI,
754 1719 818 1758 die
839 1734 929 1758 xxn
951 1719 1104 1770 aprilis,
1128 1720 1272 1759 Petrus
1292 1719 1513 1759 Bertrandi
1533 1719 1751 1758 cardinalis
1771 1718 1961 1758 interfuit

247 1778 416 1816 solemni
445 1778 681 1828 juramento
713 1779 824 1829 quod
857 1779 1033 1818 Karolus
1061 1779 1244 1818 marchio
1273 1778 1495 1828 Moraviae,
1527 1778 1692 1817 futurus
1720 1778 1960 1829 imperator,

248 1837 457 1886 praestitit
485 1838 594 1889 apud
625 1838 882 1877 Avenionem
910 1838 959 1877 de
987 1838 1144 1877 tuendo
1171 1838 1263 1889 jura
1294 1838 1500 1878 Ecclesiae
1538 1837 1801 1885 Romanae23
1836 1837 1960 1878 Odor.

252 1896 469 1945 Raynald„
496 1910 560 1936 an.
590 1897 704 1945 1346,
736 1897 753 1947 ξ
779 1897 841 1946 19,
867 1897 929 1937 26.

300 1956 418 1993 Anno
439 1956 754 2005 MCCCXLVII,
777 1971 805 1995 x
826 1957 905 1996 kal.
927 1957 1026 1995 maii
1056 1957 1121 2008 [22
1141 1957 1284 2009 avril]‚
1302 1957 1486 1996 Clemens
1502 1957 1561 1995 VI
1577 1957 1699 1996 Petro
1719 1956 1961 2008 presbytero

248 2014 444 2052 cardinali
477 2015 589 2053 tituli
624 2015 660 2054 S.
699 2016 917 2055 Clementis
953 2016 1154 2055 concessit
1186 2025 1235 2055 ut
1264 2017 1305 2055 in
1333 2024 1467 2056 castro
1494 2016 1738 2064 Annoniaci,
1767 2015 1961 2055 dioecesis

247 2073 501 2122 Viennensis,
531 2074 694 2125 originis
722 2089 818 2114 suae
845 2076 934 2115 loco
962 2084 1004 2115 et
1030 2076 1159 2115 fundo
1186 2075 1364 2127 proprio,
1395 2075 1693 2115 monasterium
1719 2074 1961 2114 monialium

249 2132 422 2171 Sanctae
452 2133 592 2172 Clarae
621 2134 839 2173 aedificare
867 2143 1018 2186 posset,
1051 2136 1183 2174 Extat
1210 2135 1323 2174 bulla
1351 2135 1463 2187 apud
1491 2134 1784 2185 Waddingum‚
1814 2142 1844 2175 t.
1876 2146 1959 2182 v111,

248 2191 290 2228 in
310 2192 484 2241 RegestO,
506 2208 544 2243 p.
567 2193 643 2231 346
661 2193 688 2232 3.

304 2250 447 2289 Nescio
486 2253 596 2302 quod
632 2267 830 2303 magnum
865 2254 994 2292 scelus
1031 2253 1227 2292 adversus
1263 2253 1419 2304 regiam
1454 2253 1720 2304 majestatem
1756 2251 1962 2292 commisit

248 2309 390 2347 eodem
422 2325 529 2349 anno
560 2311 625 2350 hic
656 2320 795 2350 noster
826 2312 1056 2352 cardinalis.
1091 2313 1146 2351 Et
1175 2321 1330 2362 tamen,
1363 2313 1395 2351 si
1426 2312 1681 2363 Waddingus
1712 2312 1801 2351 aliis
1831 2310 1961 2362 magis

248 2368 431 2407 intentus
452 2384 533 2408 non
552 2371 717 2419 erravit,
738 2385 833 2410 eum
851 2380 892 2410 et
911 2372 1009 2410 alios
1031 2373 1234 2422 quosdam
1252 2372 1478 2411 cardinales
1498 2385 1721 2422 eorumque
1740 2370 1961 2410 familiares

249 2441 318 2464 rex
343 2428 594 2467 Francorum
618 2430 830 2481 Philippus
854 2431 896 2469 in
920 2431 1153 2470 custodiam
1177 2431 1353 2482 conjecit
1376 2446 1484 2470 anno
1509 2430 1824 2479 MCCCXLVII,
1847 2438 1897 2468 ut
1919 2429 1962 2468 in

249 2486 409 2534 Reges-20
431 2487 648 2526 Clementis
669 2489 727 2527 Vl
747 2489 951 2529 invenisse
972 2505 1012 2529 se
1034 2490 1093 2528 ait
1112 2490 1222 2529 idem
1242 2490 1510 2541 VVaddingus.
1533 2490 1604 2528 Ait
1619 2490 1740 2539 enim,
1762 2504 1827 2529 an.
1845 2488 1960 2538 1339,

262 2544 305 2592 [t.
326 2560 393 2593 vn,
411 2561 448 2596 p.
470 2546 568 2598 226]
595 2548 611 2596 ἓ
630 2548 665 2595 2,
683 2548 886 2587 invenisse
905 2564 945 2588 se
961 2549 1002 2587 in
1021 2564 1067 2588 eo
1084 2550 1247 2599 Regesto
1271 2550 1550 2589 instrumenta
1566 2548 1782 2600 legationis
1800 2548 1962 2587 Pastori

252 2604 298 2640 dc
316 2604 631 2654 Sarrescuderio,
648 2607 953 2659 archiepiscopo
970 2609 1267 2657 Ebredunensi,
1288 2617 1330 2648 et
1351 2609 1579 2657 Guillelmo,
1601 2608 1791 2659 episcopo
1811 2606 1960 2646 Carno-

258 2663 369 2710 [sensi‚
407 2664 457 2700 ad
494 2665 729 2716 Philippum
762 2681 899 2717 regem
933 2667 1160 2706 Galliarum
1194 2668 1435 2707 commissae
1469 2682 1589 2718 super
1622 2666 1855 2706 relaxandis
1890 2681 1961 2705 seu

252 2721 469 2760 liberandis
500 2724 620 2762 Petro
650 2725 855 2765 cardinale
881 2726 1123 2777 presbytero
1151 2727 1217 2766 tit.
1249 2727 1286 2766 S.
1317 2726 1536 2766 Clementis
1565 2726 1736 2776 aliisque
1776 2725 1959 2766 cardina-

253 2779 354 2815 mm<
378 2789 417 2817 ct
439 2796 578 2821 corum
599 2783 883 2833 familiaribus,
907 2799 1007 2835 quos
1028 2800 1100 2825 rex
1120 2786 1195 2824 sub
1218 2786 1406 2824 custodia
1428 2785 1654 2825 detinebat.
1680 2785 1799 2824 Hanc
1819 2798 1960 2823 eorum

254 2838 497 2885 l‹·¹„s;x1.is‚1nei1i
527 2852 822 2881 commemorat
852 2844 1050 2883 Odoricus
1074 2845 1330 2894 Raynaldus‚
1352 2859 1417 2884 an.
1442 2844 1556 2893 1347,
1585 2844 1601 2893 ἕ
1622 2843 1686 2892 24,
1707 2844 1819 2882 nulla
1848 2845 1980 2882 men—'

258 2897 362 2933 tione
395 2912 601 2938 carcerum
630 2900 671 2939 in
704 2902 851 2951 quibus
884 2903 1109 2942 cardinales
1142 2903 1449 2952 detinebantur,
1480 2917 1564 2942 non
1595 2902 1817 2942 omissurus
1847 2902 1959 2942 haud

309 3034 513 3067 IDcnissc
532 3041 569 3068 ct
588 3035 795 3077 Chatelain,
816 3038 1101 3080 Chartalarium,
1123 3046 1148 3074 t.
1166 3053 1203 3081 11,
1223 3052 1257 3073 n.
1278 3041 1358 3080 987,
1378 3052 1413 3085 p.
1433 3041 1514 3076 440.

306 3090 334 3118 2.
368 3087 531 3125 [vum-r,
561 3087 853 3130 Constitutiones,
881 3098 907 3124 t.
936 3104 1001 3125 vm
1020 3091 1042 3132 1,
1070 3104 1103 3126 n.
1132 3094 1252 3127 10-12.

307 3144 335 3169 ’;.
376 3140 641 3180 l·]11}.‹-i.]3.F.,
664 3148 687 3174 t.
714 3155 758 3181 γι,
780 3155 813 3176 n.
835 3145 915 3178 412.
