2083 3458
280 257 359 296 750
928 268 1078 293 NOTAE
1114 268 1174 293 AD
1210 267 1336 293 VITAs
1831 253 1985 309 [1228]

277 355 428 392 conselh
450 362 554 391 entre
574 367 644 390 nos
663 352 780 390 sobra
799 352 838 389 la
856 351 987 389 electio
1007 352 1068 389 del
1085 366 1214 401 papa3
1235 359 1269 389 et
1287 366 1472 401 pregrarn
1491 360 1523 389 te
1542 366 1612 402 que
1632 360 1673 390 tu
1692 353 1831 390 valnas
1851 353 1934 391 dire
1952 362 1987 391 et

275 415 339 463 far
361 415 421 451 als
445 413 651 451 cardenals
675 426 745 462 que
781 411 929 449 vullzan
951 411 1016 460 far
1038 426 1149 460 papa
1172 411 1352 449 Romano
1376 426 1396 448 o
1425 411 1590 450 YtalicO.
1618 412 1761 459 Sinon,
1785 421 1827 450 tu
1849 421 1884 451 et
1915 428 1985 450 nos

275 483 309 512 et
330 482 484 511 nostras
505 472 722 519 molhieres,
746 479 893 508 nostres
913 470 1055 520 efantS‚
1077 479 1111 508 et
1131 478 1202 508 tots
1223 471 1280 508 los
1300 471 1519 519 cardenals,
1541 479 1575 509 et
1595 479 1714 509 mosts
1732 486 1843 509 avers
1862 487 1985 520 serem

274 548 364 571 sens
386 533 500 582 fauta
524 532 667 570 talliats
690 547 714 569 a
737 544 887 581 pessus,
913 530 965 568 Et
988 544 1067 567 non
1090 531 1233 568 vullats
1256 530 1382 580 susrir
1405 538 1473 568 tan
1498 545 1597 579 gran
1620 531 1795 570 scandol.
1823 531 1895 570 His
1924 532 1983 570 ita

274 608 313 631 se
342 591 606 638 habentibus,
636 604 729 629 cum
756 590 1099 628 Bartholomaeus
1128 589 1458 640 archiepiscopus
1485 590 1675 628 Barensis
1704 604 1786 628 non
1813 591 1983 630 occultis

274 652 433 691 indiciis
466 651 677 689 videretur
709 649 865 688 ambire
898 663 1107 687 summum
1141 649 1450 700 pontificatum,
1483 657 1524 688 et
1556 649 1784 688 amicorum
1815 665 1983 689 suorum

274 711 426 749 auxilia
451 712 738 761 prehensaret‚'
757 724 779 747 a
806 708 1197 759 Gnidonequoque,
1224 723 1465 759 quanquam
1489 709 1816 758 ultramontano‚
1841 710 1983 760 ignaro

275 786 355 822 quo
376 786 513 821 preces
534 770 625 808 illae
646 770 880 816 tenderent,
902 768 1085 807 obtinuit
1104 783 1145 807 se
1166 783 1322 819 suaque
1343 768 1508 818 negotia
1529 769 1811 809 commendari
1833 770 1983 809 Roma-

275 831 348 869 nis.
373 831 489 868 Istud
509 844 582 880 ego
600 829 678 879 legi
697 829 737 866 in
757 828 1014 879 depositione
1036 827 1177 866 Poncii
1194 827 1359 866 Beraldi
1377 828 1572 866 testantis
1592 828 1705 866 istud
1725 828 1802 867 sibi
1824 829 1983 868 dictum

275 890 396 929 fuisse
427 905 449 927 a
481 890 667 928 Guidone
688 888 700 911 ¹
733 905 740 926 :
775 889 874 926 Item
901 887 1057 926 audivit
1085 887 1181 938 quia
1202 888 1355 926 dixerat
1377 887 1441 925 ille
1462 888 1655 925 Barensis
1676 888 1836 926 domino
1864 889 1908 928 G.
1939 890 1983 927 de

276 950 458 997 pruinis,
480 949 547 999 qui
567 957 648 986 erat
667 957 759 986 tunc
777 957 946 995 senator,
967 948 1069 997 quod
1087 947 1243 985 haberet
1262 947 1452 985 noticiam
1471 962 1560 985 cum
1579 948 1923 996 Bandarensibus,
1949 957 1984 987 et

273 1025 312 1047 se
340 1010 673 1047 recommandaret
700 1008 769 1055 eis,
800 1007 896 1058 quia
925 1008 1093 1045 multum
1120 1007 1201 1044 sibi
1229 1007 1444 1057 proficeret.
1475 1007 1527 1045 Et
1554 1007 1674 1045 credit
1702 1009 1805 1057 quod
1833 1008 1897 1046 ille
1924 1009 1982 1046 sic

272 1070 374 1118 fecit.
397 1070 480 1106 Hec
499 1068 655 1106 audivit
674 1069 724 1106 ab
746 1068 812 1105 illo
833 1067 994 1105 domino
1016 1066 1209 1114 Guidone‚
1226 1066 1293 1117 qui
1314 1075 1368 1105 est
1382 1067 1706 1116 consanguineus
1722 1067 1839 1105 istius
1859 1068 1980 1107 testis.

278 1130 366 1180 Ipse
387 1143 550 1179 quoque
572 1128 706 1166 Guido
726 1127 838 1165 istud
858 1135 1041 1165 testatur
1059 1126 1101 1164 in
1120 1125 1377 1176 depositione
1397 1140 1470 1164 sua
1492 1125 1507 1148 2
1528 1142 1534 1163 :
1557 1126 1688 1177 Super
1705 1128 1875 1165 secundo
1895 1127 1981 1165 dico

273 1190 374 1239 quod
395 1203 477 1226 una
499 1188 654 1226 dierum
676 1187 873 1225 dictarum
893 1186 1171 1236 exsequiarum
1193 1186 1281 1224 veni
1303 1200 1371 1235 ego
1394 1200 1484 1224 cum
1505 1186 1621 1223 dictis
1641 1187 1981 1225 conservatoribus

271 1258 305 1287 et
329 1248 661 1286 Bandarensibas
687 1247 738 1285 ad
763 1246 981 1297 predictam
1006 1246 1210 1284 ecclesiam
1236 1246 1378 1299 Sancte
1405 1245 1539 1283 Marie
1567 1260 1672 1284 nove.
1701 1246 1752 1283 Et
1777 1247 1872 1296 quia
1897 1261 1979 1296 ego,

272 1317 313 1346 ut
332 1317 500 1355 senator,
523 1316 611 1358 post
631 1307 812 1345 dominos
834 1306 1056 1343 cardinales
1079 1305 1265 1343 debebam
1286 1319 1420 1342 omnes
1441 1306 1653 1355 precedere,
1678 1306 1822 1355 reperii
1845 1306 1980 1356 ipsum

271 1369 591 1405 Bartliolomeum
611 1367 654 1404 in
673 1367 753 1404 loco
774 1366 843 1403 ubi
863 1366 1048 1403 debebam
1069 1366 1216 1412 sedere3
1231 1373 1265 1402 et
1280 1365 1364 1414 ipse
1380 1365 1499 1418 movit
1511 1379 1563 1412 se,
1584 1374 1617 1402 et
1635 1379 1704 1414 ego
1723 1366 1832 1403 tenui
1852 1366 1979 1404 locum

271 1442 412 1475 meum,
439 1436 473 1465 et
500 1427 584 1476 ipse
610 1426 710 1464 sedit
735 1433 822 1475 post
849 1439 920 1472 me,
947 1433 981 1462 et
1006 1433 1093 1475 post
1120 1425 1255 1474 ipsum
1281 1433 1580 1472 conservatoreS,
1608 1425 1900 1464 Bandarenses.
1928 1426 1980 1463 Et

268 1487 385 1537 sactis
405 1488 474 1524 illa
491 1487 554 1524 die
571 1485 760 1535 exequiis,
780 1486 874 1522 dum
893 1498 1026 1521 omnes
1044 1484 1331 1531 recedebamus,
1352 1484 1436 1534 ipse
1454 1484 1502 1522 Β.
1523 1483 1625 1522 dixit
1642 1484 1763 1521 michi
1782 1500 1790 1522 ε
1806 1485 1978 1522 Domine

268 1555 436 1594 senator,
464 1560 639 1595 egonon
665 1559 755 1582 sum
782 1553 897 1582 notus
924 1544 1132 1582 Romanis,
1156 1544 1317 1581 Placeat
1344 1543 1453 1580 vobis
1482 1558 1540 1580 me
1566 1543 1623 1580 eis
1650 1545 1976 1584 recommendare.

269 1607 319 1644 Et
337 1621 405 1655 ego
424 1606 503 1643 sibi
524 1605 608 1643 dixi
631 1621 638 1642 t
660 1604 857 1642 Libenter.
879 1603 930 1641 Et
950 1603 1055 1641 illico
1075 1603 1159 1641 dixi
1180 1603 1375 1640 Romanis
1394 1603 1582 1653 predictis
1604 1618 1610 1640 :
1631 1603 1814 1651 Domini,
1837 1604 1899 1642 hic
1923 1612 1978 1642 est

268 1666 592 1715 archiepiscopus
609 1663 815 1711 Barensis,
835 1663 901 1713 qui
919 1663 1084 1700 libenter
1099 1663 1242 1712 faceret
1260 1662 1368 1700 vobis
1389 1662 1595 1712 placitam.
1613 1663 1722 1712 Rogo
1738 1677 1816 1710 vos,
1834 1663 1975 1702 habea-

269 1725 318 1763 tis
336 1740 425 1763 eum
442 1725 799 1762 recommendatum
818 1723 860 1760 in
878 1722 964 1759 suis
984 1722 1165 1771 negotiis,
1186 1722 1237 1760 Et
1254 1722 1428 1759 Romani
1450 1722 1737 1772 responderunt
1752 1738 1759 1760 ε
1777 1723 1975 1771 Libenter,

269 1785 424 1822 domine
448 1793 616 1821 senator.
644 1784 695 1821 Et
719 1783 969 1833 postmodum
1002 1782 1140 1819 audivi
1166 1782 1216 1819 ab
1241 1781 1446 1831 aliquibus
1481 1781 1718 1830 officialibus
1744 1782 1855 1819 urbis
1889 1797 1974 1832 pre-

268 1845 364 1882 dicte
390 1845 491 1894 quod
517 1844 601 1893 ipse
627 1844 674 1881 Β.
704 1843 935 1891 interfuerat
971 1841 1012 1878 in
1047 1841 1252 1891 aliquibus
1277 1855 1411 1878 eorum
1436 1841 1630 1879 consiliis.
1661 1841 1845 1891 Denique
1881 1856 1974 1880 cum

266 1904 375 1942 idem
392 1903 581 1941 Barensis
601 1902 745 1940 fuisset
763 1902 922 1939 locatus
941 1900 981 1937 in
1000 1901 1093 1938 sede
1113 1900 1237 1947 Petri,
1257 1908 1297 1938 et
1316 1899 1460 1938 electio
1478 1900 1565 1949 ejus
1583 1900 1796 1950 publicata
1815 1899 1974 1948 fuisset,

267 1963 455 2001 officiales
485 1971 525 2001 et
553 1971 729 2000 rectores
759 1960 901 2011 populi
932 1960 1122 2007 Romani,
1152 1960 1327 1997 videlicet
1355 1959 1540 1997 dominus
1575 1959 1704 1997 Guido
1731 1961 1776 1997 de
1802 1961 1974 1998 Prainis

266 2024 584 2060 ultramontanas
615 2030 649 2058 et
679 2020 765 2067 alii,
798 2021 842 2058 de
873 2020 1054 2057 electione
1085 2019 1314 2068 hujusmodi
1348 2020 1573 2068 gaiiclente3‚
1605 2019 1739 2057 statim
1770 2021 1975 2058 voluerunt

262 2084 439 2122 accedere
458 2091 492 2119 et
510 2088 755 2119 accesserunt
772 2081 824 2117 ad
843 2079 990 2116 dictum
1010 2079 1208 2129 palatium
1227 2093 1349 2116 caasa
1367 2078 1578 2116 exhibendi
1597 2079 1853 2117 reverentiam
1873 2080 1973 2117 dicto

261 2144 390 2189 electe,
420 2150 466 2179 ut
494 2141 643 2190 legitur
671 2140 711 2177 in
740 2139 885 2177 eodem
913 2139 1034 2176 Facto
1060 2137 1369 2176 Bartholomaei
1398 2138 1509 2188 apud
1539 2138 1760 2176 Odoricum
1793 2139 1972 2188 Raynal-

261 2201 377 2248 ¹dum,
397 2215 461 2239 an.
485 2200 599 2247 1378,
625 2200 640 2248 ἓ
658 2199 722 2237 89.
742 2200 847 2236 Tum
866 2213 962 2236 vero
979 2198 1323 2236 Bartholomaeus
1343 2211 1437 2235 eum
1456 2197 1567 2236 misit
1585 2197 1637 2234 ad
1656 2198 1882 2236 cardinales
1902 2199 1973 2248 qui

264 2261 535 2310 confugerant
558 2260 598 2297 in
622 2267 805 2297 castrum
830 2257 970 2296 Sancti
995 2257 1139 2307 Angeli
1158 2265 1205 2295 ut
1227 2272 1294 2295 eos
1313 2265 1499 2296 moneret
1522 2256 1574 2294 ad
1597 2272 1637 2295 se
1662 2257 1813 2296 Venire.
1838 2258 1969 2296 Testis

263 2321 372 2360 idem
394 2320 527 2358 Guido
548 2319 587 2356 in
609 2319 755 2357 eadem
776 2317 1033 2367 depositione
1054 2331 1127 2355 sua
1148 2316 1163 2338 3
1185 2332 1192 2354 ε
1215 2316 1346 2366 Super
1364 2325 1469 2354 sescto
1490 2316 1575 2353 dico
1596 2317 1698 2366 qaod
1717 2318 1888 2366 quadarn
1909 2317 1971 2355 die

256 2380 426 2427 veneris,
453 2394 523 2429 que
546 2379 626 2428 suit
650 2377 693 2415 in
717 2377 937 2415 crastinum
962 2377 1134 2413 rumoris
1159 2376 1367 2423 conclavis,
1394 2376 1564 2413 audiens
1589 2376 1684 2425 quid
1707 2390 1777 2426 per
1800 2376 1968 2414 Romam

264 2440 464 2476 dicebatur
483 2439 584 2488 qiiod
604 2438 706 2475 idem
725 2438 772 2475 B.
793 2444 875 2474 erat
892 2451 1015 2485 papa,
1037 2436 1124 2472 veni
1143 2436 1195 2472 ad
1211 2435 1425 2485 palatium,
1448 2435 1516 2472 ubi
1537 2435 1621 2484 ipse
1640 2436 1688 2473 Β.
1709 2444 1802 2482 erat,
1822 2436 1874 2473 ad
1898 2436 1968 2473 im-

262 2500 513 2547 pendendum
542 2497 622 2534 sibi
654 2496 921 2533 reverentiam.
954 2496 1005 2532 Et
1036 2495 1170 2532 inveni
1200 2509 1290 2532 eum
1320 2509 1409 2532 cum
1440 2495 1575 2532 multis
1606 2494 1815 2541 Romanis,
1846 2503 1881 2532 et
1911 2495 1968 2532 ibi

263 2559 364 2595 nulli
392 2566 502 2595 erant
528 2557 762 2594 amtinales.
794 2555 871 2605 Qui
900 2554 1001 2592 dixit
1028 2554 1148 2591 michi
1178 2569 1184 2591 z
1211 2554 1382 2591 Domine
1409 2562 1578 2601 senator,
1601 2568 1692 2603 rogo
1715 2568 1793 2600 vos,
1816 2554 1969 2592 vadatis

261 2617 311 2653 ad
336 2626 507 2654 ‹fasti-um
533 2616 669 2654 Sancti
695 2614 857 2664 Angeti,
884 2614 953 2651 abi
977 2622 1071 2651 sant
1096 2614 1248 2651 domini
1273 2614 1496 2651 cardinales
1520 2613 1662 2662 aliqui,
1687 2622 1721 2650 et
1746 2613 1888 2650 dicatis
1911 2613 1968 2650 eis

264 2685 301 2713 iit
319 2691 385 2713 ven
394 2677 476 2713 iant
494 2677 545 2713 ad
562 2690 633 2722 me,
653 2683 686 2712 et
703 2674 866 2713 teneatis
883 2688 946 2710 eos
962 2687 1131 2719 securOS,
1151 2674 1252 2722 quod
1266 2673 1356 2722 jeci,
1375 2681 1409 2709 et
1425 2673 1570 2709 eisdem
1588 2672 1762 2709 dominis
1783 2672 1967 2710 cardina-

261 2735 365 2771 libus
402 2735 457 2772 ibi.
493 2734 742 2784 presentibus
775 2733 951 2783 predicta
985 2733 1082 2770 dimi.
1120 2732 1198 2782 Qui
1234 2732 1353 2769 michi
1388 2732 1673 2781 responderunt
1706 2732 1808 2781 quod
1839 2732 1968 2769 adhuc

262 2795 455 2831 habebant
478 2802 631 2831 tantum
654 2794 832 2830 timorem
855 2793 898 2829 de
922 2806 1076 2829 rumore
1098 2792 1271 2841 predicto
1295 2792 1396 2841 quod
1419 2792 1527 2828 nullo
1552 2791 1663 2827 modo
1688 2790 1799 2828 irent.
1826 2790 1876 2828 Et
1897 2805 1966 2840 ego

261 2853 311 2887 ml
331 2854 479 2890 (lictum
504 2854 550 2890 B.
571 2853 685 2899 redii,
709 2861 742 2890 et
765 2852 845 2889 sibi
867 2851 1084 2901 predictam
1104 2851 1402 2901 responsionem
1422 2850 1674 2887 dominorum
1696 2849 1966 2887 cardinalium

250 2912 357 2948 ,νΙῆι-ί,
384 2912 460 2959 (mi
486 2912 687 2961 respondit
712 2927 718 2948 z
745 2912 850 2948 Bene
870 2910 1019 2959 jaciam
1045 2911 1146 2960 quod
1168 2910 1342 2948 veniant.
1372 2908 1610 2946 Interfuisse
1647 2908 1761 2946 illum
1797 2922 1965 2946 corona-

314 3047 340 3078 1.
374 3047 438 3079 Ms.
458 3047 542 3086 cite,
561 3047 622 3079 fol.
642 3048 685 3079 50
702 3052 744 3079 ΓΟ.

312 3102 339 3130 2.
374 3099 438 3130 Ms.
464 3100 547 3135 cite,
573 3100 634 3132 fol.
660 3101 703 3133 55
728 3105 777 3132 νῦ.

310 3156 338 3183 ¹5.
375 3152 436 3183 Me.
459 3153 542 3189 vite,
565 3153 623 3185 fol.
646 3154 689 3185 55
711 3158 760 3187 v0.
