2083 3458
44 233 196 288 [1275]
564 248 779 272 PAPARUM
816 249 1199 276 AVENIONENSIUM
1649 235 1727 276 795

27 329 152 367 etiam
171 329 245 366 sub
266 329 424 378 magnis
444 330 644 379 periculis.
668 330 718 367 Et
735 330 896 379 jurabat
915 332 966 368 ad
986 331 1077 369 illas
1096 340 1253 369 sanctas
1270 332 1458 381 reliquias
1475 333 1575 382 quod
1591 333 1626 370 si
1645 332 1728 382 ipse

30 388 147 426 sciret
167 388 485 426 indubitabiliter
504 390 605 438 qaod
623 389 779 438 primus
798 389 938 426 electus
953 399 1048 428 esset
1067 405 1179 428 verus
1197 406 1319 441 papa,
1338 392 1438 440 quod
1458 392 1542 441 ipse
1561 392 1726 429 dimitte-

34 455 88 485 ret
118 446 353 485 Clementem
384 456 418 484 et
448 448 644 485 adhereret
674 448 844 497 predicto
887 449 998 487 electo
1030 449 1172 499 primo,
1204 450 1359 487 etiarnsi
1382 446 1522 488 ‘ornnes
1553 450 1727 488 homines

26 514 160 543 essent
188 514 321 544 contra
352 506 498 556 ipsum.
533 507 642 544 Haec
673 521 759 555 ego,
794 507 1021 556 Raynalde‚
1053 523 1134 546 non
1164 508 1274 558 coegi
1304 509 1510 548 hominem
1540 510 1648 547 hunc
1681 518 1727 547 ut

33 564 241 612 scriberet,
261 579 364 614 quae
383 565 535 615 scripta
553 574 649 603 sunt
667 566 826 615 aliquot
843 567 985 605 seculis
1005 575 1100 605 ante
1119 582 1243 617 quam
1260 582 1332 617 ego
1351 583 1548 606 nascerer.
1568 568 1725 618 Scripta

33 631 129 662 sunt
152 632 306 671 autem,
330 638 411 662 non
433 625 484 661 ab
508 625 674 662 homino
698 625 828 672 Gallo,
852 626 920 662 sed
943 626 995 663 ab
1021 626 1219 676 Hispano,
1243 635 1283 665 et
1306 628 1358 664 ab
1387 642 1432 665 eo
1457 628 1525 676 qui
1548 635 1728 665 testatur

34 697 74 721 se
105 682 172 720 illa
205 682 352 721 dixisse
387 683 566 722 Urbano.
602 684 813 731 Quantum
844 693 984 723 autem
1016 686 1132 723 abest
1163 685 1230 723 illa
1262 686 1442 723 narratio
1482 687 1534 724 ab
1566 686 1725 724 insulsis

30 742 403 780 declamationibus
434 742 536 780 tuis!

88 800 177 839 Scio
215 801 481 851 Radulphum
524 802 571 839 de
611 801 728 848 Rivo,
765 802 966 839 decanum
1010 804 1301 852 Tungrensem,
1337 818 1424 854 cap.
1471 819 1523 841 vn
1570 805 1623 854 [p.
1659 803 1724 853 30]

26 860 91 897 De
127 860 243 908 gestis
279 860 568 910 Episcoporum
605 861 896 907 Leocliensium,
933 862 1136 912 scripsisse
1173 877 1308 912 regem
1344 863 1555 909 Castellae‚
1588 863 1726 906 ⁴virum

35 919 216 957 fraterno
234 919 429 968 sanguine
449 919 669 969 pollutum⁷
689 920 907 958 Clementis
928 929 1063 970 partes
1083 922 1320 972 amplexum
1339 937 1437 969 esse,
1458 923 1558 972 quod
1574 922 1727 960 amicus

28 986 68 1015 et
95 978 315 1027 foederatus
344 987 439 1016 esset
476 978 689 1017 Gallorum.
723 979 813 1017 Scio
844 988 1053 1028 praeterea
1086 981 1289 1018 =Ioannem
1322 981 1561 1028 Marianam,
1593 981 1727 1019 virum

36 1051 132 1075 sane
158 1037 495 1084 eruditissimum,
521 1038 681 1075 tradere
717 1038 785 1076 lib.
815 1038 960 1075 XVIII
987 1039 1075 1077 Rer.
1102 1040 1294 1089 Hispan„
1321 1054 1409 1090 cap.
1438 1056 1493 1087 lv,
1525 1041 1725 1078 Joannem

37 1110 172 1146 regem
200 1096 397 1135 Castellae
426 1097 609 1146 rejecisse
642 1097 855 1137 Urbanum
894 1106 940 1135 ut
970 1098 1070 1135 vitio
1103 1106 1300 1145 creatum,
1323 1099 1574 1137 Clementem
1593 1099 1727 1149 ponti-

39 1156 155 1193 ficem
177 1156 293 1205 quasi
313 1156 446 1194 liberis
469 1155 643 1194 comitiis
664 1156 839 1194 electum
861 1157 1072 1204 salutasse,
1094 1158 1163 1195 sed
1182 1157 1282 1207 regis
1300 1158 1403 1195 Galli
1425 1158 1576 1207 gratiae
1598 1157 1725 1207 magis

35 1213 76 1251 id
105 1214 250 1254 datum
279 1229 403 1264 quam
431 1215 483 1252 ad
511 1215 733 1264 aequitatis
762 1216 918 1263 regulas
959 1231 1197 1266 expensum.
1229 1217 1291 1254 Ad
1322 1217 1588 1267 Radulphum
1617 1217 1726 1267 quod

36 1273 202 1321 attinet,
228 1282 391 1312 constat
415 1288 510 1314 eum
533 1288 685 1312 errasse
710 1274 751 1311 in
776 1274 957 1312 historia.
987 1276 1164 1313 (Ioannes
1191 1275 1298 1314 enim
1323 1291 1393 1314 rex
1418 1276 1631 1323 Castellae,
1658 1275 1727 1326 qui

30 1332 191 1382 >sprevit
222 1333 450 1381 Urbanum,
481 1348 562 1370 non
593 1333 742 1371 occidit
772 1334 941 1372 fratrem
971 1349 1103 1372 suum.
1138 1335 1309 1373 Facinus
1340 1335 1439 1372 illud
1469 1335 1724 1373 referendum

29 1399 97 1429 est
115 1392 167 1429 ad
189 1392 412 1430 Henricum
431 1401 593 1442 patrem
613 1392 799 1439 Joannis,
820 1393 889 1442 qui
909 1393 1042 1430 virum
1062 1393 1385 1431 crudelissimum
1408 1395 1573 1432 Petrum
1592 1408 1726 1443 regem

36 1451 234 1489 Castellae
256 1451 403 1489 occidit
424 1451 464 1489 in
484 1452 602 1489 bello.
627 1452 743 1500 Quod
764 1461 904 1489 autem
925 1452 1041 1490 addit
1061 1454 1249 1491 eumdem
1273 1454 1473 1491 Joannem
1495 1453 1725 1491 adhaesisse

30 1510 234 1549 Clementi
260 1519 428 1561 propter
454 1510 679 1548 amicitiam
708 1525 786 1560 qua
813 1511 979 1560 junctus
1007 1520 1094 1549 erat
1121 1511 1203 1561 regi
1231 1512 1494 1560 Francorum,
1522 1527 1725 1551 commen-

34 1576 125 1608 tum
147 1569 224 1607 fuit
247 1570 403 1607 Urbani
423 1578 463 1608 et
484 1570 722 1619 sequacium
743 1570 843 1619 ejus,
866 1570 929 1608 cui
948 1573 1034 1619 jam
1055 1586 1294 1621 responsum
1318 1580 1377 1609 est
1399 1586 1534 1621 supra,
1554 1586 1592 1621 p.
1612 1571 1725 1617 1274,

35 1628 168 1666 verbis
191 1643 241 1667 ex
261 1628 457 1667 relatione
484 1629 671 1667 Roderici
691 1629 888 1667 Bernardi
910 1629 1063 1679 petitis.
1090 1630 1147 1667 De
1171 1630 1352 1668 Mariana
1375 1630 1474 1667 nihil
1496 1630 1627 1667 dicam
1651 1629 1726 1667 nisi

30 1687 145 1737 -quod
181 1687 213 1725 si
250 1687 420 1726 vidisset
459 1689 713 1738 praeclarum
754 1688 868 1727 illum
896 1689 1077 1727 codicem
1107 1689 1148 1726 in
1181 1704 1260 1739 quo
1292 1690 1555 1727 continentur
1590 1689 1725 1728 omnia

35 1760 139 1795 quae
173 1755 285 1796 gesta
313 1755 410 1785 sunt
445 1747 486 1785 in
522 1756 728 1785 conventu
758 1746 1011 1795 Medinensi,'
1029 1762 1240 1797 nunquam
1270 1749 1452 1798 profecto
1479 1748 1519 1785 in
1543 1748 1725 1788 animum

32 1805 278 1852 induxisset,
320 1806 450 1846 multo
498 1807 631 1846 minus
678 1806 904 1856 scripsisset
952 1808 1160 1856 negotium
1207 1807 1436 1846 schismatis
1485 1823 1564 1845 non
1605 1807 1725 1845 fuisse

28 1879 257 1914 expensum
286 1865 325 1902 in
353 1880 398 1904 eo
425 1874 632 1904 conventu
661 1866 712 1903 ad
741 1867 898 1915 regulas
919 1866 1153 1915 aequitatis.
1177 1867 1264 1914 Qua
1286 1867 1333 1905 de
1354 1882 1392 1904 re
1423 1866 1513 1904 vide
1544 1867 1725 1916 Sponda-

34 1937 147 1971 num,
168 1938 233 1962 an.
265 1924 379 1972 1381,
406 1925 423 1973 ἓ
450 1925 486 1963 3.

90 1982 274 2033 Denique
298 1983 539 2032 Raynaldus
564 1984 715 2022 Karolo
735 1983 817 2033 regi
838 1984 939 2021 vitio
959 1985 1084 2022 vertit
1105 1985 1214 2034 quod
1238 1985 1393 2022 Urbani
1412 1985 1566 2034 legatos
1586 1984 1725 2022 audire

34 2042 228 2088 noluerit:
263 2057 387 2092 quam
419 2043 668 2081 sententiam
700 2045 949 2082 confirmant
981 2044 1104 2081 verba
1138 2043 1316 2094 episcopi
1350 2043 1566 2081 Fax·enti11i
1597 2044 1724 2081 relata

28 2115 155 2150 supra
176 2116 214 2152 p.
233 2101 347 2149 1083,
363 2102 434 2139 ubi
446 2101 509 2140 ille
525 2102 789 2152 conqueritur
805 2117 1017 2151 nunquam
1030 2102 1068 2139 in
1084 2103 1252 2140 Francia
1269 2111 1450 2152 receptas
1465 2102 1585 2140 fuisse
1602 2102 1722 2139 infor-

32 2159 234 2198 mationes
261 2175 334 2210 pro
363 2161 543 2199 Urbano.
574 2161 729 2199 Eadem
756 2161 834 2199 fuit
861 2162 1022 2210 querela
1050 2162 1226 2199 auctoris
1253 2162 1449 2200 libroium
1475 2161 1722 2199 hierarchiae

29 2219 296 2257 subcaelestis
320 2219 360 2257 in
383 2220 553 2259 modum
575 2220 724 2270 dialogi
746 2220 992 2269 scriptorum
1011 2221 1038 2267 ¹,
1061 2222 1171 2270 apud
1196 2235 1316 2270 quem
1338 2220 1406 2258 lib.
1436 2221 1501 2267 IV,
1525 2234 1613 2270 cap.
1639 2235 1724 2267 xiv,

29 2279 351 2316 cathecumenus
371 2279 531 2328 quaerit
549 2294 619 2317 cur
638 2279 804 2316 illustris
823 2279 885 2317 ille
905 2280 1078 2316 lx‘arolus
1096 2279 1270 2328 (licinum,
1288 2294 1375 2316 cum
1393 2288 1520 2317 tamen
1538 2279 1725 2316 diceretur

31 2337 381 2386 prudentissimus,
417 2353 441 2375 a
476 2339 651 2376 Romane
686 2338 856 2375 Ecclesie
891 2338 1110 2375 ohedientia
1145 2353 1184 2375 se
1219 2338 1401 2375 divisisse
1427 2338 1577 2375 videtur
1602 2346 1648 2383 et,
1685 2346 1726 2375 ut

34 2395 197 2444 refertur
216 2396 386 2446 publice,
406 2397 486 2446 suit
504 2397 627 2434 nimis
647 2398 827 2434 credulus
847 2397 941 2434 olim
961 2397 1235 2434 cardinalibus
1266 2406 1396 2434 contra
1425 2405 1574 2434 sextum
1601 2397 1724 2434 Urba-

34 2469 143 2502 num,
170 2463 279 2505 parte
304 2456 426 2493 altera
451 2470 529 2493 non
555 2457 706 2494 audita.
735 2457 797 2493 Ad
825 2470 928 2505 quae
955 2470 1026 2504 ego
1053 2456 1185 2506 primo
1211 2456 1436 2505 respondeo
1465 2456 1613 2493 falsum
1640 2470 1724 2493 esse

29 2512 74 2551 id
97 2514 206 2563 quod
229 2514 287 2552 ait
313 2515 567 2563 Raynaldus.
593 2515 743 2552 Narrat
765 2515 870 2552 enim
895 2515 1160 2553 continuator
1182 2515 1358 2553 Gallicus
1386 2514 1531 2563 Nangii
1547 2514 1560 2536 2
1583 2513 1723 2552 missos

28 2587 116 2610 esse
145 2573 197 2610 ab
228 2573 396 2611 Urbano
425 2574 626 2622 quosdam
654 2574 705 2611 ad
734 2588 867 2623 regem
899 2573 967 2622 qui
996 2573 1143 2623 pluries
1174 2588 1267 2611 cum
1304 2573 1371 2610 illo
1399 2573 1524 2611 locuti
1552 2581 1648 2610 sunt
1677 2573 1724 2610 de

31 2631 281 2681 pontificatu
299 2632 402 2681 ejus,
427 2633 497 2670 sed
515 2633 686 2670 tandem
705 2632 890 2671 dimissos
917 2633 1070 2681 absque
1099 2647 1305 2682 responso,
1328 2632 1422 2681 quia
1448 2647 1518 2670 rex
1542 2632 1725 2669 nondum

29 2698 143 2728 certo
179 2690 335 2729 sciebat
370 2691 485 2728 illum
521 2691 643 2729 fuisse
689 2692 865 2729 electum
901 2705 1066 2740 papam,
1104 2692 1287 2740 adeoque
1338 2691 1471 2729 adhuc
1509 2698 1724 2740 expectare

31 2749 214 2787 volebat:
241 2750 361 2786 Assez
388 2758 460 2787 lost
484 2764 600 2799 apres
626 2741 806 2788 vin'drent
832 2754 853 2787 ἁ
880 2750 1000 2787 Paris
1028 2751 1136 2787 elever
1161 2751 1193 2787 le
1219 2764 1286 2799 roy
1314 2765 1368 2787 un
1395 2749 1584 2787 chevalier
1609 2757 1643 2786 et
1672 2764 1726 2786 un

28 2807 192 2856 escaier,
212 2808 366 2845 envoiez
385 2810 514 2846 devers
533 2809 565 2845 le
584 2823 652 2858 roy
671 2809 714 2846 de
733 2823 808 2858 par
824 2808 952 2858 ycelui
971 2808 1224 2856 Bartlzelerni,
1244 2808 1294 2856 si,
1314 2823 1457 2861 comrne
1478 2808 1526 2846 ils
1546 2807 1726 2856 disoient,

31 2867 154 2916 lequel
176 2881 216 2904 se
241 2867 418 2917 appeloit
453 2882 556 2917 pape
589 2867 762 2907 Urbain:
790 2876 824 2904 et
859 2881 975 2917 apres
1000 2881 1039 2904 ce
1065 2868 1183 2916 qa’ils
1209 2875 1314 2905 orent
1339 2880 1522 2917 poursuy'
1541 2867 1573 2904 le
1602 2880 1670 2917 roy
1694 2875 1728 2905 et

28 2926 211 2963 demoure'
230 2941 304 2976 par
323 2940 477 2964 aucuns
494 2926 605 2975 jours
625 2930 649 2963 (ὶ
669 2926 790 2963 Paris
809 2934 845 2963 et
864 2926 982 2975 qu’ils
1001 2934 1108 2963 orent
1126 2926 1236 2976 parle
1254 2940 1308 2963 αα
1328 2940 1395 2975 roy
1414 2925 1615 2976 plusieurs
1634 2925 1725 2972 soiz,

81 3057 112 3089 1.
143 3056 184 3089 B.
210 3056 268 3095 N.‚
292 3067 360 3090 mS.
383 3055 479 3088 latin
500 3056 606 3095 3184,
630 3056 691 3088 fol.
717 3057 761 3089 28
783 3060 832 3088 νο.

80 3110 112 3142 2.
150 3109 313 3142 Grandes
335 3109 547 3151 chronissqzces
570 3110 610 3142 de
633 3110 784 3148 France,
809 3109 865 3141 ed.
893 3108 936 3141 R.
964 3108 1204 3147 Delachenal,
1230 3114 1256 3141 t.
1280 3120 1317 3148 11,
1342 3119 1376 3151 p.
1401 3108 1482 3142 318.
