<?xml version="1.0" encoding="UTF-8"?>
<!DOCTYPE html PUBLIC "-//W3C//DTD XHTML 1.0 Transitional//EN"
    "http://www.w3.org/TR/xhtml1/DTD/xhtml1-transitional.dtd">
<html xmlns="http://www.w3.org/1999/xhtml" xml:lang="en" lang="en">
 <head>
  <title>
</title>
<meta http-equiv="Content-Type" content="text/html;charset=utf-8" />
  <meta name='ocr-system' content='tesseract 3.04.00' />
  <meta name='ocr-capabilities' content='ocr_page ocr_carea ocr_par ocr_line ocrx_word'/>
</head>
<body>
  <div class='ocr_page' id='page_1' title='image "./vitaepaparumaven02balu_0378.png"; bbox 0 0 2083 3458; ppageno 0'>
   <div class='ocr_carea' id='block_1_1' title="bbox 241 244 1950 304">
    <p class='ocr_par' dir='ltr' id='par_1_1' title="bbox 241 244 1950 304">
     <span class='ocr_line' id='line_1_1' title="bbox 241 244 1950 304; baseline 0.002 -18"><span class='ocrx_word' id='word_1_1' title='bbox 241 244 326 286; x_wconf 78' lang='grc'>368</span> <span class='ocrx_word' id='word_1_2' title='bbox 893 263 1045 288; x_wconf 81' lang='lat' dir='ltr'><strong>NOTAE</strong></span> <span class='ocrx_word' id='word_1_3' title='bbox 1079 263 1140 288; x_wconf 83' lang='lat' dir='ltr'>AD</span> <span class='ocrx_word' id='word_1_4' title='bbox 1174 263 1302 289; x_wconf 79' lang='lat' dir='ltr'>VITAs</span> <span class='ocrx_word' id='word_1_5' title='bbox 1824 247 1950 304; x_wconf 54' lang='grc' dir='ltr'>[859]ν</span> 
     </span>
    </p>
   </div>
   <div class='ocr_carea' id='block_1_2' title="bbox 226 346 1951 2769">
    <p class='ocr_par' dir='ltr' id='par_1_2' title="bbox 237 346 1951 751">
     <span class='ocr_line' id='line_1_2' title="bbox 242 346 1951 398; baseline 0.002 -15"><span class='ocrx_word' id='word_1_6' title='bbox 242 346 388 384; x_wconf 86' lang='lat' dir='ltr'>Masini</span> <span class='ocrx_word' id='word_1_7' title='bbox 416 354 458 385; x_wconf 83' lang='lat' dir='ltr'>et</span> <span class='ocrx_word' id='word_1_8' title='bbox 486 346 679 397; x_wconf 85' lang='lat' dir='ltr'>Maglioni</span> <span class='ocrx_word' id='word_1_9' title='bbox 707 346 909 394; x_wconf 86' lang='lat' dir='ltr'>dominos,</span> <span class='ocrx_word' id='word_1_10' title='bbox 938 355 985 384; x_wconf 86' lang='lat' dir='ltr'>ut</span> <span class='ocrx_word' id='word_1_11' title='bbox 1013 346 1155 384; x_wconf 83' lang='lat' dir='ltr'>scribit</span> <span class='ocrx_word' id='word_1_12' title='bbox 1183 347 1417 397; x_wconf 79' lang='lat' dir='ltr'>Stephanus</span> <span class='ocrx_word' id='word_1_13' title='bbox 1451 348 1655 386; x_wconf 88' lang='lat' dir='ltr'>Ferrerius</span> <span class='ocrx_word' id='word_1_14' title='bbox 1691 348 1734 386; x_wconf 91' lang='lat' dir='ltr'>in</span> <span class='ocrx_word' id='word_1_15' title='bbox 1762 347 1951 398; x_wconf 84' lang='lat' dir='ltr'>Catalogo</span> 
     </span>
     <span class='ocr_line' id='line_1_3' title="bbox 240 404 1950 455; baseline 0.002 -13"><span class='ocrx_word' id='word_1_16' title='bbox 240 405 532 455; x_wconf 86' lang='lat' dir='ltr'>Episcoporum</span> <span class='ocrx_word' id='word_1_17' title='bbox 572 406 889 444; x_wconf 73' lang='lat' dir='ltr'>Ver-cellensium.</span> <span class='ocrx_word' id='word_1_18' title='bbox 925 405 1031 443; x_wconf 88' lang='lat' dir='ltr'>Tum</span> <span class='ocrx_word' id='word_1_19' title='bbox 1066 420 1163 444; x_wconf 87' lang='lat' dir='ltr'>vero</span> <span class='ocrx_word' id='word_1_20' title='bbox 1200 404 1383 445; x_wconf 80' lang='lat' dir='ltr'>Clemens</span> <span class='ocrx_word' id='word_1_21' title='bbox 1413 406 1470 444; x_wconf 88' lang='lat' dir='ltr'>VI</span> <span class='ocrx_word' id='word_1_22' title='bbox 1500 407 1716 446; x_wconf 89' lang='lat' dir='ltr'>Guillelmo</span> <span class='ocrx_word' id='word_1_23' title='bbox 1753 407 1950 446; x_wconf 84' lang='lat' dir='ltr'>cardinali</span> 
     </span>
     <span class='ocr_line' id='line_1_4' title="bbox 240 464 1950 518; baseline 0.002 -16"><span class='ocrx_word' id='word_1_24' title='bbox 240 464 486 502; x_wconf 85' lang='lat' dir='ltr'>Sanctorum</span> <span class='ocrx_word' id='word_1_25' title='bbox 517 474 696 515; x_wconf 89' lang='lat' dir='ltr'>quatuor</span> <span class='ocrx_word' id='word_1_26' title='bbox 723 466 1035 513; x_wconf 88' lang='lat' dir='ltr'>Coronatorum,</span> <span class='ocrx_word' id='word_1_27' title='bbox 1060 465 1312 518; x_wconf 81' lang='lat' dir='ltr'>apostolicae</span> <span class='ocrx_word' id='word_1_28' title='bbox 1343 465 1456 504; x_wconf 83' lang='lat' dir='ltr'>Sedis</span> <span class='ocrx_word' id='word_1_29' title='bbox 1495 467 1645 517; x_wconf 82' lang='lat' dir='ltr'>legato,</span> <span class='ocrx_word' id='word_1_30' title='bbox 1676 467 1839 517; x_wconf 84' lang='lat' dir='ltr'>scripsit</span> <span class='ocrx_word' id='word_1_31' title='bbox 1877 481 1950 505; x_wconf 85' lang='lat' dir='ltr'>XIV</span> 
     </span>
     <span class='ocr_line' id='line_1_5' title="bbox 240 523 1949 576; baseline 0.002 -16"><span class='ocrx_word' id='word_1_32' title='bbox 240 524 319 562; x_wconf 80' lang='lat' dir='ltr'>kal.</span> <span class='ocrx_word' id='word_1_33' title='bbox 349 523 437 573; x_wconf 83' lang='lat' dir='ltr'>jun.</span> <span class='ocrx_word' id='word_1_34' title='bbox 470 538 578 562; x_wconf 88' lang='lat' dir='ltr'>anno</span> <span class='ocrx_word' id='word_1_35' title='bbox 609 525 788 563; x_wconf 86' lang='lat' dir='ltr'>secundo</span> <span class='ocrx_word' id='word_1_36' title='bbox 821 524 887 574; x_wconf 80' lang='lat'>[19</span> <span class='ocrx_word' id='word_1_37' title='bbox 912 524 995 562; x_wconf 86' lang='lat' dir='ltr'>mai</span> <span class='ocrx_word' id='word_1_38' title='bbox 1026 523 1142 574; x_wconf 88' lang='lat'><strong>1343]</strong></span> <span class='ocrx_word' id='word_1_39' title='bbox 1176 532 1224 562; x_wconf 91' lang='lat' dir='ltr'>ut</span> <span class='ocrx_word' id='word_1_40' title='bbox 1254 524 1363 563; x_wconf 89' lang='lat' dir='ltr'>bona</span> <span class='ocrx_word' id='word_1_41' title='bbox 1393 525 1616 563; x_wconf 88' lang='lat' dir='ltr'>Lombardi</span> <span class='ocrx_word' id='word_1_42' title='bbox 1646 526 1825 576; x_wconf 80' lang='lat' dir='ltr'>episcopi</span> <span class='ocrx_word' id='word_1_43' title='bbox 1853 526 1949 565; x_wconf 91' lang='lat' dir='ltr'>Ver-</span> 
     </span>
     <span class='ocr_line' id='line_1_6' title="bbox 238 583 1949 634; baseline 0.002 -13"><span class='ocrx_word' id='word_1_44' title='bbox 238 583 419 621; x_wconf 81' lang='lat' dir='ltr'>cellensis</span> <span class='ocrx_word' id='word_1_45' title='bbox 451 583 604 622; x_wconf 86' lang='lat' dir='ltr'>mortui</span> <span class='ocrx_word' id='word_1_46' title='bbox 629 584 815 634; x_wconf 89' lang='lat' dir='ltr'>recipiat,</span> <span class='ocrx_word' id='word_1_47' title='bbox 839 599 888 622; x_wconf 88' lang='lat' dir='ltr'>ne</span> <span class='ocrx_word' id='word_1_48' title='bbox 911 592 1097 634; x_wconf 77' lang='lat' dir='ltr'>pereant,</span> <span class='ocrx_word' id='word_1_49' title='bbox 1123 597 1252 634; x_wconf 88' lang='lat' dir='ltr'>eaque</span> <span class='ocrx_word' id='word_1_50' title='bbox 1283 584 1445 623; x_wconf 86' lang='lat' dir='ltr'>vicariis</span> <span class='ocrx_word' id='word_1_51' title='bbox 1478 593 1520 623; x_wconf 87' lang='lat' dir='ltr'>et</span> <span class='ocrx_word' id='word_1_52' title='bbox 1552 585 1749 624; x_wconf 77' lang='lat' dir='ltr'>ministris</span> <span class='ocrx_word' id='word_1_53' title='bbox 1783 586 1949 624; x_wconf 89' lang='lat' dir='ltr'>Emma-</span> 
     </span>
     <span class='ocr_line' id='line_1_7' title="bbox 237 642 1946 691; baseline 0.002 -12"><span class='ocrx_word' id='word_1_54' title='bbox 237 642 367 680; x_wconf 87' lang='lat' dir='ltr'>nuelis</span> <span class='ocrx_word' id='word_1_55' title='bbox 430 642 478 681; x_wconf 90' lang='lat' dir='ltr'>de</span> <span class='ocrx_word' id='word_1_56' title='bbox 530 643 661 681; x_wconf 89' lang='lat' dir='ltr'>Flisco</span> <span class='ocrx_word' id='word_1_57' title='bbox 698 643 816 682; x_wconf 89' lang='lat' dir='ltr'>electi</span> <span class='ocrx_word' id='word_1_58' title='bbox 853 643 1118 682; x_wconf 86' lang='lat' dir='ltr'>Vercellensis</span> <span class='ocrx_word' id='word_1_59' title='bbox 1177 643 1332 682; x_wconf 83' lang='lat' dir='ltr'>tradat.</span> <span class='ocrx_word' id='word_1_60' title='bbox 1385 644 1498 683; x_wconf 84' lang='lat' dir='ltr'>Idem</span> <span class='ocrx_word' id='word_1_61' title='bbox 1565 644 1785 691; x_wconf 85' lang='lat' dir='ltr'>Ferrerius,</span> <span class='ocrx_word' id='word_1_62' title='bbox 1835 644 1946 684; x_wconf 84' lang='lat' dir='ltr'>ibid..</span> 
     </span>
     <span class='ocr_line' id='line_1_8' title="bbox 237 701 397 751; baseline 0 -11"><span class='ocrx_word' id='word_1_63' title='bbox 237 715 276 751; x_wconf 88' lang='lat' dir='ltr'>p.</span> <span class='ocrx_word' id='word_1_64' title='bbox 309 701 397 740; x_wconf 88' lang='lat'>206.</span> 
     </span>
    </p>

    <p class='ocr_par' dir='ltr' id='par_1_3' title="bbox 226 760 1948 1878">
     <span class='ocr_line' id='line_1_9' title="bbox 292 760 1948 812; baseline 0.002 -14"><span class='ocrx_word' id='word_1_65' title='bbox 292 760 336 800; x_wconf 84' lang='lat' dir='ltr'>P.</span> <span class='ocrx_word' id='word_1_66' title='bbox 360 760 449 809; x_wconf 88' lang='lat'><strong>243,</strong></span> <span class='ocrx_word' id='word_1_67' title='bbox 469 761 536 811; x_wconf 81' lang='lat' dir='ltr'>lig.</span> <span class='ocrx_word' id='word_1_68' title='bbox 561 761 622 800; x_wconf 89' lang='lat'>22.</span> <span class='ocrx_word' id='word_1_69' title='bbox 646 762 856 800; x_wconf 82' lang='lat' dir='ltr'><strong>JOHANNE</strong></span> <span class='ocrx_word' id='word_1_70' title='bbox 889 776 1002 800; x_wconf 80' lang='lat' dir='ltr'><strong>DUCE</strong></span> <span class='ocrx_word' id='word_1_71' title='bbox 1033 762 1264 800; x_wconf 84' lang='lat' dir='ltr'>CALABRIE.</span> <span class='ocrx_word' id='word_1_72' title='bbox 1288 762 1539 812; x_wconf 80' lang='lat' dir='ltr'>Legendum,</span> <span class='ocrx_word' id='word_1_73' title='bbox 1562 763 1724 802; x_wconf 80' lang='lat' dir='ltr'>Karolo.</span> <span class='ocrx_word' id='word_1_74' title='bbox 1748 763 1812 801; x_wconf 84' lang='lat' dir='ltr'>Sic</span> <span class='ocrx_word' id='word_1_75' title='bbox 1840 763 1948 802; x_wconf 87' lang='lat' dir='ltr'>enim</span> 
     </span>
     <span class='ocr_line' id='line_1_10' title="bbox 238 820 1948 871; baseline 0.002 -14"><span class='ocrx_word' id='word_1_76' title='bbox 238 828 435 858; x_wconf 73' lang='lat' dir='ltr'>vocatum</span> <span class='ocrx_word' id='word_1_77' title='bbox 457 820 580 859; x_wconf 83' lang='lat' dir='ltr'>fuisse</span> <span class='ocrx_word' id='word_1_78' title='bbox 600 829 763 871; x_wconf 85' lang='lat' dir='ltr'>patrem</span> <span class='ocrx_word' id='word_1_79' title='bbox 786 821 972 859; x_wconf 86' lang='lat' dir='ltr'>Joannae</span> <span class='ocrx_word' id='word_1_80' title='bbox 993 821 1156 871; x_wconf 83' lang='lat' dir='ltr'>reginae</span> <span class='ocrx_word' id='word_1_81' title='bbox 1178 829 1289 859; x_wconf 84' lang='lat' dir='ltr'>certo</span> <span class='ocrx_word' id='word_1_82' title='bbox 1311 829 1488 860; x_wconf 87' lang='lat' dir='ltr'>constat.</span> <span class='ocrx_word' id='word_1_83' title='bbox 1513 822 1641 860; x_wconf 86' lang='lat' dir='ltr'>Simili</span> <span class='ocrx_word' id='word_1_84' title='bbox 1662 836 1794 861; x_wconf 88' lang='lat' dir='ltr'>errore</span> <span class='ocrx_word' id='word_1_85' title='bbox 1817 822 1948 861; x_wconf 88' lang='lat' dir='ltr'>Frois-</span> 
     </span>
     <span class='ocr_line' id='line_1_11' title="bbox 235 880 1947 932; baseline 0.002 -17"><span class='ocrx_word' id='word_1_86' title='bbox 235 888 385 927; x_wconf 83' lang='lat' dir='ltr'>sartus,</span> <span class='ocrx_word' id='word_1_87' title='bbox 418 880 499 918; x_wconf 90' lang='lat' dir='ltr'>vol.</span> <span class='ocrx_word' id='word_1_88' title='bbox 531 895 573 927; x_wconf 86' lang='lat'>11,</span> <span class='ocrx_word' id='word_1_89' title='bbox 607 894 695 930; x_wconf 88' lang='lat' dir='ltr'>cap.</span> <span class='ocrx_word' id='word_1_90' title='bbox 730 895 866 928; x_wconf 89' lang='lat' dir='ltr'>XXXV,</span> <span class='ocrx_word' id='word_1_91' title='bbox 899 895 993 918; x_wconf 89' lang='lat' dir='ltr'>eum</span> <span class='ocrx_word' id='word_1_92' title='bbox 1024 889 1149 919; x_wconf 88' lang='lat' dir='ltr'>vocat</span> <span class='ocrx_word' id='word_1_93' title='bbox 1181 881 1452 919; x_wconf 82' lang='lat' dir='ltr'>Ludovicum.</span> <span class='ocrx_word' id='word_1_94' title='bbox 1488 881 1601 920; x_wconf 80' lang='lat' dir='ltr'>Obiit</span> <span class='ocrx_word' id='word_1_95' title='bbox 1634 881 1808 932; x_wconf 77' lang='lat' dir='ltr'>Neapoli</span> <span class='ocrx_word' id='word_1_96' title='bbox 1839 895 1947 920; x_wconf 87' lang='lat' dir='ltr'>anno</span> 
     </span>
     <span class='ocr_line' id='line_1_12' title="bbox 235 938 1947 1006; baseline 0.002 -31"><span class='ocrx_word' id='word_1_97' title='bbox 235 938 584 985; x_wconf 79' lang='lat' dir='ltr'>MCCCXXVIII,</span> <span class='ocrx_word' id='word_1_98' title='bbox 624 940 686 978; x_wconf 88' lang='lat' dir='ltr'>die</span> <span class='ocrx_word' id='word_1_99' title='bbox 725 954 832 977; x_wconf 87' lang='lat' dir='ltr'>nona</span> <span class='ocrx_word' id='word_1_100' title='bbox 871 940 1121 987; x_wconf 79' lang='lat' dir='ltr'>novembris,</span> <span class='ocrx_word' id='word_1_101' title='bbox 1159 948 1207 977; x_wconf 87' lang='lat' dir='ltr'>ut</span> <span class='ocrx_word' id='word_1_102' title='bbox 1245 940 1303 977; x_wconf 90' lang='lat' dir='ltr'>ait</span> <span class='ocrx_word' id='word_1_103' title='bbox 1342 940 1577 1006; x_wconf 78' lang='lat' dir='ltr'>Summonti</span> <span class='ocrx_word' id='word_1_104' title='bbox 1580 955 1639 979; x_wconf 89' lang='lat' dir='ltr'>us.</span> <span class='ocrx_word' id='word_1_105' title='bbox 1681 941 1781 990; x_wconf 84' lang='lat' dir='ltr'>Ejus</span> <span class='ocrx_word' id='word_1_106' title='bbox 1830 956 1947 980; x_wconf 88' lang='lat' dir='ltr'>enco-</span> 
     </span>
     <span class='ocr_line' id='line_1_13' title="bbox 234 983 1947 1050; baseline 0.002 -15"><span class='ocrx_word' id='word_1_107' title='bbox 234 997 363 1037; x_wconf 89' lang='lat' dir='ltr'>mium</span> <span class='ocrx_word' id='word_1_108' title='bbox 401 1006 596 1036; x_wconf 88' lang='lat' dir='ltr'>enarrant</span> <span class='ocrx_word' id='word_1_109' title='bbox 622 999 858 1046; x_wconf 80' lang='lat' dir='ltr'>petrarcha,</span> <span class='ocrx_word' id='word_1_110' title='bbox 888 999 957 1037; x_wconf 90' lang='lat' dir='ltr'>lib.</span> <span class='ocrx_word' id='word_1_111' title='bbox 991 999 1044 1046; x_wconf 87' lang='lat' dir='ltr'>X,</span> <span class='ocrx_word' id='word_1_112' title='bbox 1074 999 1164 1037; x_wconf 79' lang='lat' dir='ltr'>Rer.</span> <span class='ocrx_word' id='word_1_113' title='bbox 1195 1000 1325 1047; x_wconf 62' lang='lat' dir='ltr'>senil„</span> <span class='ocrx_word' id='word_1_114' title='bbox 1355 1000 1473 1050; x_wconf 81' lang='lat' dir='ltr'>epist.</span> <span class='ocrx_word' id='word_1_115' title='bbox 1505 1015 1562 1048; x_wconf 89' lang='lat' dir='ltr'>IV,</span> <span class='ocrx_word' id='word_1_116' title='bbox 1564 983 1622 1038; x_wconf 85' lang='lat' dir='ltr'>1et</span> <span class='ocrx_word' id='word_1_117' title='bbox 1652 1015 1771 1038; x_wconf 89' lang='lat' dir='ltr'>verus</span> <span class='ocrx_word' id='word_1_118' title='bbox 1802 1008 1947 1038; x_wconf 86' lang='lat' dir='ltr'>auctor</span> 
     </span>
     <span class='ocr_line' id='line_1_14' title="bbox 233 1056 1945 1108; baseline 0.002 -14"><span class='ocrx_word' id='word_1_119' title='bbox 233 1056 422 1095; x_wconf 76' lang='lat' dir='ltr'>Chronici</span> <span class='ocrx_word' id='word_1_120' title='bbox 460 1057 623 1097; x_wconf 85' lang='lat' dir='ltr'>illorum</span> <span class='ocrx_word' id='word_1_121' title='bbox 662 1066 898 1108; x_wconf 87' lang='lat' dir='ltr'>temporum</span> <span class='ocrx_word' id='word_1_122' title='bbox 937 1058 979 1096; x_wconf 90' lang='lat' dir='ltr'>in</span> <span class='ocrx_word' id='word_1_123' title='bbox 1019 1058 1156 1097; x_wconf 89' lang='lat' dir='ltr'>codice</span> <span class='ocrx_word' id='word_1_124' title='bbox 1196 1057 1301 1096; x_wconf 78' lang='grc'>5496</span> <span class='ocrx_word' id='word_1_125' title='bbox 1339 1059 1613 1097; x_wconf 85' lang='lat' dir='ltr'>bibliothecae</span> <span class='ocrx_word' id='word_1_126' title='bbox 1655 1059 1913 1098; x_wconf 87' lang='lat' dir='ltr'>Colbertinae</span> <span class='ocrx_word' id='word_1_127' title='bbox 1931 1059 1945 1082; x_wconf 75' lang='lat'>1</span> 
     </span>
     <span class='ocr_line' id='line_1_15' title="bbox 233 1116 1946 1169; baseline 0.001 -15"><span class='ocrx_word' id='word_1_128' title='bbox 233 1116 294 1154; x_wconf 91' lang='lat' dir='ltr'>his</span> <span class='ocrx_word' id='word_1_129' title='bbox 328 1116 463 1155; x_wconf 82' lang='lat' dir='ltr'>verbis</span> <span class='ocrx_word' id='word_1_130' title='bbox 500 1133 507 1155; x_wconf 88' lang='lat'>:</span> <span class='ocrx_word' id='word_1_131' title='bbox 542 1117 664 1154; x_wconf 89' lang='lat' dir='ltr'>Anno</span> <span class='ocrx_word' id='word_1_132' title='bbox 697 1117 816 1155; x_wconf 87' lang='lat' dir='ltr'>etiam</span> <span class='ocrx_word' id='word_1_133' title='bbox 845 1117 1013 1155; x_wconf 80' lang='lat' dir='ltr'>Domini</span> <span class='ocrx_word' id='word_1_134' title='bbox 1048 1117 1427 1166; x_wconf 84' lang='lat' dir='ltr'>MCCCXXVIII,</span> <span class='ocrx_word' id='word_1_135' title='bbox 1463 1127 1631 1169; x_wconf 86' lang='lat' dir='ltr'>tempore</span> <span class='ocrx_word' id='word_1_136' title='bbox 1665 1118 1759 1156; x_wconf 86' lang='lat' dir='ltr'>dicti</span> <span class='ocrx_word' id='word_1_137' title='bbox 1793 1118 1946 1156; x_wconf 85' lang='lat' dir='ltr'>domini</span> 
     </span>
     <span class='ocr_line' id='line_1_16' title="bbox 235 1175 1945 1227; baseline 0.002 -15"><span class='ocrx_word' id='word_1_138' title='bbox 235 1175 436 1214; x_wconf 82' lang='lat' dir='ltr'>Jolzannis</span> <span class='ocrx_word' id='word_1_139' title='bbox 464 1191 581 1226; x_wconf 87' lang='lat' dir='ltr'>pape,</span> <span class='ocrx_word' id='word_1_140' title='bbox 612 1176 712 1214; x_wconf 82' lang='lat' dir='ltr'>obiit</span> <span class='ocrx_word' id='word_1_141' title='bbox 741 1177 784 1214; x_wconf 88' lang='lat' dir='ltr'>in</span> <span class='ocrx_word' id='word_1_142' title='bbox 812 1191 908 1227; x_wconf 87' lang='lat' dir='ltr'>pace</span> <span class='ocrx_word' id='word_1_143' title='bbox 934 1177 1212 1215; x_wconf 81' lang='lat' dir='ltr'>nobilissimus</span> <span class='ocrx_word' id='word_1_144' title='bbox 1234 1178 1314 1215; x_wconf 75' lang='lat' dir='ltr'>dux</span> <span class='ocrx_word' id='word_1_145' title='bbox 1329 1177 1517 1215; x_wconf 80' lang='lat' dir='ltr'>Calabrie</span> <span class='ocrx_word' id='word_1_146' title='bbox 1540 1178 1725 1215; x_wconf 84' lang='lat' dir='ltr'>dominus</span> <span class='ocrx_word' id='word_1_147' title='bbox 1754 1178 1945 1226; x_wconf 83' lang='lat' dir='ltr'>Karolus,</span> 
     </span>
     <span class='ocr_line' id='line_1_17' title="bbox 233 1234 1946 1287; baseline 0.001 -15"><span class='ocrx_word' id='word_1_148' title='bbox 233 1234 344 1284; x_wconf 80' lang='lat' dir='ltr'>filius</span> <span class='ocrx_word' id='word_1_149' title='bbox 361 1236 505 1273; x_wconf 85' lang='lat' dir='ltr'>unicus</span> <span class='ocrx_word' id='word_1_150' title='bbox 522 1236 689 1273; x_wconf 83' lang='lat' dir='ltr'>illustris</span> <span class='ocrx_word' id='word_1_151' title='bbox 705 1236 809 1285; x_wconf 77' lang='lat' dir='ltr'>regis</span> <span class='ocrx_word' id='word_1_152' title='bbox 824 1236 983 1274; x_wconf 80' lang='lat' dir='ltr'>Roberti</span> <span class='ocrx_word' id='word_1_153' title='bbox 1001 1250 1083 1274; x_wconf 73' lang='lat' dir='ltr'>vere</span> <span class='ocrx_word' id='word_1_154' title='bbox 1099 1236 1279 1274; x_wconf 71' lang='lat' dir='ltr'>catholici</span> <span class='ocrx_word' id='word_1_155' title='bbox 1296 1237 1340 1274; x_wconf 82' lang='lat' dir='ltr'>de</span> <span class='ocrx_word' id='word_1_156' title='bbox 1351 1237 1508 1287; x_wconf 86' lang='lat' dir='ltr'>Apulia</span> <span class='ocrx_word' id='word_1_157' title='bbox 1523 1251 1536 1274; x_wconf 92' lang='lat'>.·</span> <span class='ocrx_word' id='word_1_158' title='bbox 1554 1237 1620 1287; x_wconf 80' lang='lat' dir='ltr'>qui</span> <span class='ocrx_word' id='word_1_159' title='bbox 1640 1237 1752 1275; x_wconf 82' lang='lat' dir='ltr'>bonis</span> <span class='ocrx_word' id='word_1_160' title='bbox 1769 1237 1946 1275; x_wconf 82' lang='lat' dir='ltr'>moribus</span> 
     </span>
     <span class='ocr_line' id='line_1_18' title="bbox 233 1294 1944 1345; baseline 0.001 -14"><span class='ocrx_word' id='word_1_161' title='bbox 233 1294 472 1343; x_wconf 74' lang='lat' dir='ltr'>informatus</span> <span class='ocrx_word' id='word_1_162' title='bbox 496 1303 530 1332; x_wconf 84' lang='lat' dir='ltr'>et</span> <span class='ocrx_word' id='word_1_163' title='bbox 554 1294 747 1345; x_wconf 79' lang='lat' dir='ltr'>probitate</span> <span class='ocrx_word' id='word_1_164' title='bbox 772 1295 909 1343; x_wconf 86' lang='lat' dir='ltr'>multa,</span> <span class='ocrx_word' id='word_1_165' title='bbox 936 1303 970 1333; x_wconf 87' lang='lat' dir='ltr'>et</span> <span class='ocrx_word' id='word_1_166' title='bbox 997 1295 1103 1333; x_wconf 84' lang='lat' dir='ltr'>beato</span> <span class='ocrx_word' id='word_1_167' title='bbox 1129 1295 1344 1333; x_wconf 84' lang='lat' dir='ltr'>Francisco</span> <span class='ocrx_word' id='word_1_168' title='bbox 1369 1304 1403 1333; x_wconf 93' lang='lat' dir='ltr'>et</span> <span class='ocrx_word' id='word_1_169' title='bbox 1417 1296 1611 1345; x_wconf 72' lang='lat' dir='ltr'>fratribus</span> <span class='ocrx_word' id='word_1_170' title='bbox 1628 1296 1714 1334; x_wconf 85' lang='lat' dir='ltr'>suis</span> <span class='ocrx_word' id='word_1_171' title='bbox 1736 1311 1825 1334; x_wconf 75' lang='lat' dir='ltr'>vera</span> <span class='ocrx_word' id='word_1_172' title='bbox 1845 1294 1944 1334; x_wconf 88' lang='lat' dir='ltr'>cari-</span> 
     </span>
     <span class='ocr_line' id='line_1_19' title="bbox 234 1353 1946 1405; baseline 0.002 -15"><span class='ocrx_word' id='word_1_173' title='bbox 234 1361 307 1390; x_wconf 82' lang='lat' dir='ltr'>tate</span> <span class='ocrx_word' id='word_1_174' title='bbox 331 1362 365 1391; x_wconf 87' lang='lat' dir='ltr'>et</span> <span class='ocrx_word' id='word_1_175' title='bbox 389 1354 587 1391; x_wconf 69' lang='lat' dir='ltr'>devotione</span> <span class='ocrx_word' id='word_1_176' title='bbox 612 1353 858 1403; x_wconf 86' lang='lat' dir='ltr'>conjunctus,</span> <span class='ocrx_word' id='word_1_177' title='bbox 883 1354 987 1392; x_wconf 84' lang='lat' dir='ltr'>sicut</span> <span class='ocrx_word' id='word_1_178' title='bbox 1012 1355 1054 1392; x_wconf 85' lang='lat' dir='ltr'>in</span> <span class='ocrx_word' id='word_1_179' title='bbox 1079 1355 1159 1392; x_wconf 66' lang='lat' dir='ltr'>vita</span> <span class='ocrx_word' id='word_1_180' title='bbox 1182 1369 1257 1392; x_wconf 88' lang='lat' dir='ltr'>sua</span> <span class='ocrx_word' id='word_1_181' title='bbox 1285 1355 1438 1393; x_wconf 81' lang='lat' dir='ltr'>beatum</span> <span class='ocrx_word' id='word_1_182' title='bbox 1462 1355 1725 1393; x_wconf 83' lang='lat' dir='ltr'>Franciscum</span> <span class='ocrx_word' id='word_1_183' title='bbox 1749 1364 1783 1393; x_wconf 91' lang='lat' dir='ltr'>et</span> <span class='ocrx_word' id='word_1_184' title='bbox 1805 1355 1946 1405; x_wconf 68' lang='lat' dir='ltr'>fratres</span> 
     </span>
     <span class='ocr_line' id='line_1_20' title="bbox 229 1413 1945 1464; baseline 0.002 -15"><span class='ocrx_word' id='word_1_185' title='bbox 229 1427 323 1450; x_wconf 82' lang='lat' dir='ltr'>suos</span> <span class='ocrx_word' id='word_1_186' title='bbox 350 1427 438 1450; x_wconf 72' lang='lat' dir='ltr'>vera</span> <span class='ocrx_word' id='word_1_187' title='bbox 468 1413 729 1451; x_wconf 72' lang='lat' dir='ltr'>benivolentia</span> <span class='ocrx_word' id='word_1_188' title='bbox 755 1414 904 1462; x_wconf 71' lang='lat' dir='ltr'>dilexit,</span> <span class='ocrx_word' id='word_1_189' title='bbox 934 1414 990 1451; x_wconf 89' lang='lat' dir='ltr'>ita</span> <span class='ocrx_word' id='word_1_190' title='bbox 1015 1422 1049 1451; x_wconf 82' lang='lat' dir='ltr'>et</span> <span class='ocrx_word' id='word_1_191' title='bbox 1076 1414 1246 1452; x_wconf 83' lang='lat' dir='ltr'>moriens</span> <span class='ocrx_word' id='word_1_192' title='bbox 1272 1415 1453 1464; x_wconf 88' lang='lat' dir='ltr'>separari</span> <span class='ocrx_word' id='word_1_193' title='bbox 1480 1415 1530 1452; x_wconf 81' lang='lat' dir='ltr'>ab</span> <span class='ocrx_word' id='word_1_194' title='bbox 1556 1415 1613 1452; x_wconf 90' lang='lat' dir='ltr'>eis</span> <span class='ocrx_word' id='word_1_195' title='bbox 1641 1415 1780 1463; x_wconf 86' lang='lat' dir='ltr'>noluit,</span> <span class='ocrx_word' id='word_1_196' title='bbox 1808 1415 1876 1453; x_wconf 87' lang='lat' dir='ltr'>sed</span> <span class='ocrx_word' id='word_1_197' title='bbox 1902 1415 1945 1453; x_wconf 87' lang='lat' dir='ltr'>in</span> 
     </span>
     <span class='ocr_line' id='line_1_21' title="bbox 231 1472 1944 1524; baseline 0.002 -15"><span class='ocrx_word' id='word_1_198' title='bbox 231 1480 420 1509; x_wconf 66' lang='lat' dir='ltr'>conventu</span> <span class='ocrx_word' id='word_1_199' title='bbox 441 1472 611 1521; x_wconf 75' lang='lat' dir='ltr'>fratrum</span> <span class='ocrx_word' id='word_1_200' title='bbox 633 1473 846 1511; x_wconf 85' lang='lat' dir='ltr'>Minorum</span> <span class='ocrx_word' id='word_1_201' title='bbox 869 1473 912 1510; x_wconf 88' lang='lat' dir='ltr'>in</span> <span class='ocrx_word' id='word_1_202' title='bbox 935 1473 1171 1511; x_wconf 86' lang='lat' dir='ltr'>monasterio</span> <span class='ocrx_word' id='word_1_203' title='bbox 1194 1473 1332 1511; x_wconf 80' lang='lat' dir='ltr'>Sancti</span> <span class='ocrx_word' id='word_1_204' title='bbox 1348 1474 1558 1512; x_wconf 87' lang='lat' dir='ltr'>Laurentii</span> <span class='ocrx_word' id='word_1_205' title='bbox 1581 1475 1625 1511; x_wconf 80' lang='lat' dir='ltr'>de</span> <span class='ocrx_word' id='word_1_206' title='bbox 1642 1474 1816 1524; x_wconf 78' lang='lat' dir='ltr'>Neapoli</span> <span class='ocrx_word' id='word_1_207' title='bbox 1837 1489 1944 1524; x_wconf 87' lang='lat' dir='ltr'>sepe-</span> 
     </span>
     <span class='ocr_line' id='line_1_22' title="bbox 232 1530 1945 1583; baseline 0.002 -15"><span class='ocrx_word' id='word_1_208' title='bbox 232 1530 299 1568; x_wconf 81' lang='lat' dir='ltr'>liri</span> <span class='ocrx_word' id='word_1_209' title='bbox 317 1545 358 1568; x_wconf 84' lang='lat' dir='ltr'>se</span> <span class='ocrx_word' id='word_1_210' title='bbox 373 1531 477 1580; x_wconf 74' lang='lat' dir='ltr'>fecit,</span> <span class='ocrx_word' id='word_1_211' title='bbox 498 1540 540 1569; x_wconf 78' lang='lat' dir='ltr'>ut</span> <span class='ocrx_word' id='word_1_212' title='bbox 555 1532 696 1581; x_wconf 70' lang='lat' dir='ltr'>fratres</span> <span class='ocrx_word' id='word_1_213' title='bbox 716 1532 848 1582; x_wconf 86' lang='lat' dir='ltr'>ipsius</span> <span class='ocrx_word' id='word_1_214' title='bbox 867 1533 978 1570; x_wconf 84' lang='lat' dir='ltr'>ducis</span> <span class='ocrx_word' id='word_1_215' title='bbox 996 1546 1148 1583; x_wconf 78' lang='lat' dir='ltr'>semper</span> <span class='ocrx_word' id='word_1_216' title='bbox 1167 1547 1351 1570; x_wconf 80' lang='lat' dir='ltr'>memores</span> <span class='ocrx_word' id='word_1_217' title='bbox 1369 1541 1495 1571; x_wconf 78' lang='lat' dir='ltr'>essent</span> <span class='ocrx_word' id='word_1_218' title='bbox 1513 1548 1625 1583; x_wconf 81' lang='lat' dir='ltr'>quem</span> <span class='ocrx_word' id='word_1_219' title='bbox 1641 1534 1840 1583; x_wconf 86' lang='lat' dir='ltr'>sepultum</span> <span class='ocrx_word' id='word_1_220' title='bbox 1856 1541 1945 1571; x_wconf 88' lang='lat' dir='ltr'>ante</span> 
     </span>
     <span class='ocr_line' id='line_1_23' title="bbox 228 1590 1942 1643; baseline 0.002 -16"><span class='ocrx_word' id='word_1_221' title='bbox 228 1590 361 1628; x_wconf 81' lang='lat' dir='ltr'>oculos</span> <span class='ocrx_word' id='word_1_222' title='bbox 387 1605 480 1628; x_wconf 83' lang='lat' dir='ltr'>suos</span> <span class='ocrx_word' id='word_1_223' title='bbox 507 1605 659 1641; x_wconf 87' lang='lat' dir='ltr'>semper</span> <span class='ocrx_word' id='word_1_224' title='bbox 687 1600 895 1639; x_wconf 83' lang='lat' dir='ltr'>cernerent,</span> <span class='ocrx_word' id='word_1_225' title='bbox 924 1599 958 1629; x_wconf 89' lang='lat' dir='ltr'>et</span> <span class='ocrx_word' id='word_1_226' title='bbox 986 1591 1163 1629; x_wconf 86' lang='lat' dir='ltr'>caritatis</span> <span class='ocrx_word' id='word_1_227' title='bbox 1185 1592 1277 1642; x_wconf 72' lang='lat' dir='ltr'>‘ejus</span> <span class='ocrx_word' id='word_1_228' title='bbox 1304 1607 1456 1643; x_wconf 87' lang='lat' dir='ltr'>semper</span> <span class='ocrx_word' id='word_1_229' title='bbox 1485 1593 1715 1630; x_wconf 86' lang='lat' dir='ltr'>memoriam</span> <span class='ocrx_word' id='word_1_230' title='bbox 1745 1592 1942 1631; x_wconf 79' lang='lat' dir='ltr'>haberent.</span> 
     </span>
     <span class='ocr_line' id='line_1_24' title="bbox 226 1649 1946 1702; baseline 0.002 -16"><span class='ocrx_word' id='word_1_231' title='bbox 226 1649 308 1687; x_wconf 91' lang='lat' dir='ltr'>Hic</span> <span class='ocrx_word' id='word_1_232' title='bbox 331 1649 607 1688; x_wconf 83' lang='lat' dir='ltr'>nobilissimus</span> <span class='ocrx_word' id='word_1_233' title='bbox 630 1651 711 1688; x_wconf 68' lang='lat' dir='ltr'>dux</span> <span class='ocrx_word' id='word_1_234' title='bbox 733 1651 777 1688; x_wconf 81' lang='lat' dir='ltr'>de</span> <span class='ocrx_word' id='word_1_235' title='bbox 801 1665 986 1700; x_wconf 77' lang='lat' dir='ltr'>generosa</span> <span class='ocrx_word' id='word_1_236' title='bbox 1007 1651 1130 1701; x_wconf 88' lang='lat' dir='ltr'>stirpe</span> <span class='ocrx_word' id='word_1_237' title='bbox 1152 1651 1324 1689; x_wconf 87' lang='lat' dir='ltr'>Francie</span> <span class='ocrx_word' id='word_1_238' title='bbox 1345 1660 1379 1689; x_wconf 89' lang='lat' dir='ltr'>et</span> <span class='ocrx_word' id='word_1_239' title='bbox 1407 1651 1584 1701; x_wconf 80' lang='lat' dir='ltr'>Ungarie</span> <span class='ocrx_word' id='word_1_240' title='bbox 1606 1660 1640 1689; x_wconf 94' lang='lat' dir='ltr'>et</span> <span class='ocrx_word' id='word_1_241' title='bbox 1675 1652 1818 1690; x_wconf 84' lang='lat' dir='ltr'>Karoli</span> <span class='ocrx_word' id='word_1_242' title='bbox 1841 1652 1946 1702; x_wconf 88' lang='lat' dir='ltr'>regis</span> 
     </span>
     <span class='ocr_line' id='line_1_25' title="bbox 230 1708 1944 1762; baseline 0.002 -16"><span class='ocrx_word' id='word_1_243' title='bbox 230 1708 353 1758; x_wconf 85' lang='lat' dir='ltr'>primi</span> <span class='ocrx_word' id='word_1_244' title='bbox 375 1709 526 1759; x_wconf 85' lang='lat' dir='ltr'>Apulie</span> <span class='ocrx_word' id='word_1_245' title='bbox 547 1710 793 1757; x_wconf 80' lang='lat' dir='ltr'>descendens,</span> <span class='ocrx_word' id='word_1_246' title='bbox 817 1718 850 1747; x_wconf 94' lang='lat' dir='ltr'>et</span> <span class='ocrx_word' id='word_1_247' title='bbox 875 1710 974 1747; x_wconf 81' lang='lat' dir='ltr'>beati</span> <span class='ocrx_word' id='word_1_248' title='bbox 995 1710 1187 1747; x_wconf 67' lang='lat' dir='ltr'>Ludovici</span> <span class='ocrx_word' id='word_1_249' title='bbox 1209 1711 1387 1761; x_wconf 87' lang='lat' dir='ltr'>episcopi</span> <span class='ocrx_word' id='word_1_250' title='bbox 1408 1719 1442 1749; x_wconf 86' lang='lat' dir='ltr'>et</span> <span class='ocrx_word' id='word_1_251' title='bbox 1461 1711 1599 1760; x_wconf 74' lang='lat' dir='ltr'>fratris</span> <span class='ocrx_word' id='word_1_252' title='bbox 1621 1711 1801 1749; x_wconf 86' lang='lat' dir='ltr'>Minoris</span> <span class='ocrx_word' id='word_1_253' title='bbox 1823 1726 1944 1762; x_wconf 86' lang='lat' dir='ltr'>nepos</span> 
     </span>
     <span class='ocr_line' id='line_1_26' title="bbox 229 1767 1944 1820; baseline 0.002 -15"><span class='ocrx_word' id='word_1_254' title='bbox 229 1768 476 1815; x_wconf 78' lang='lat' dir='ltr'>carissimus,</span> <span class='ocrx_word' id='word_1_255' title='bbox 499 1768 599 1806; x_wconf 79' lang='lat' dir='ltr'>beati</span> <span class='ocrx_word' id='word_1_256' title='bbox 618 1769 827 1806; x_wconf 77' lang='lat' dir='ltr'>Francis-ci</span> <span class='ocrx_word' id='word_1_257' title='bbox 846 1777 880 1807; x_wconf 82' lang='lat' dir='ltr'>et</span> <span class='ocrx_word' id='word_1_258' title='bbox 905 1767 1003 1807; x_wconf 82' lang='lat' dir='ltr'>beati</span> <span class='ocrx_word' id='word_1_259' title='bbox 1023 1769 1215 1807; x_wconf 78' lang='lat' dir='ltr'>Ludovici</span> <span class='ocrx_word' id='word_1_260' title='bbox 1238 1770 1420 1820; x_wconf 81' lang='lat' dir='ltr'>precibus</span> <span class='ocrx_word' id='word_1_261' title='bbox 1439 1770 1634 1808; x_wconf 81' lang='lat' dir='ltr'>credimus</span> <span class='ocrx_word' id='word_1_262' title='bbox 1653 1770 1838 1808; x_wconf 67' lang='lat' dir='ltr'>veraciter</span> <span class='ocrx_word' id='word_1_263' title='bbox 1863 1785 1944 1808; x_wconf 84' lang='lat' dir='ltr'>esse</span> 
     </span>
     <span class='ocr_line' id='line_1_27' title="bbox 229 1826 1196 1878; baseline 0.002 -14"><span class='ocrx_word' id='word_1_264' title='bbox 229 1827 425 1864; x_wconf 66' lang='lat' dir='ltr'>salvatum</span> <span class='ocrx_word' id='word_1_265' title='bbox 444 1836 478 1864; x_wconf 90' lang='lat' dir='ltr'>et</span> <span class='ocrx_word' id='word_1_266' title='bbox 496 1828 645 1865; x_wconf 85' lang='lat' dir='ltr'>sanctis</span> <span class='ocrx_word' id='word_1_267' title='bbox 666 1826 710 1865; x_wconf 92' lang='lat' dir='ltr'>in</span> <span class='ocrx_word' id='word_1_268' title='bbox 738 1836 973 1878; x_wconf 83' lang='lat' dir='ltr'>perpetuum</span> <span class='ocrx_word' id='word_1_269' title='bbox 991 1829 1196 1867; x_wconf 87' lang='lat' dir='ltr'>sociatum.</span> 
     </span>
    </p>

    <p class='ocr_par' dir='ltr' id='par_1_4' title="bbox 228 1886 1943 2353">
     <span class='ocr_line' id='line_1_28' title="bbox 284 1886 1939 1939; baseline 0.002 -16"><span class='ocrx_word' id='word_1_270' title='bbox 284 1886 326 1924; x_wconf 92' lang='lat' dir='ltr'>P.</span> <span class='ocrx_word' id='word_1_271' title='bbox 344 1886 434 1933; x_wconf 84' lang='lat'><strong>244,</strong></span> <span class='ocrx_word' id='word_1_272' title='bbox 450 1886 516 1936; x_wconf 82' lang='lat' dir='ltr'>lig.</span> <span class='ocrx_word' id='word_1_273' title='bbox 536 1887 569 1925; x_wconf 90' lang='lat'>1.</span> <span class='ocrx_word' id='word_1_274' title='bbox 588 1887 693 1924; x_wconf 85' lang='lat' dir='ltr'>FUIT</span> <span class='ocrx_word' id='word_1_275' title='bbox 706 1902 1015 1926; x_wconf 82' lang='lat' dir='ltr'>INTERFECTUS.</span> <span class='ocrx_word' id='word_1_276' title='bbox 1035 1888 1094 1926; x_wconf 92' lang='lat' dir='ltr'>De</span> <span class='ocrx_word' id='word_1_277' title='bbox 1110 1896 1241 1926; x_wconf 87' lang='lat' dir='ltr'>morte</span> <span class='ocrx_word' id='word_1_278' title='bbox 1260 1887 1274 1910; x_wconf 75' lang='lat'><strong>²</strong></span> <span class='ocrx_word' id='word_1_279' title='bbox 1289 1888 1412 1938; x_wconf 86' lang='lat' dir='ltr'>hujus</span> <span class='ocrx_word' id='word_1_280' title='bbox 1428 1888 1631 1936; x_wconf 75' lang='lat' dir='ltr'>Andreae,</span> <span class='ocrx_word' id='word_1_281' title='bbox 1649 1903 1753 1938; x_wconf 87' lang='lat' dir='ltr'>quae</span> <span class='ocrx_word' id='word_1_282' title='bbox 1769 1903 1939 1939; x_wconf 84' lang='lat' dir='ltr'>magnas</span> 
     </span>
     <span class='ocr_line' id='line_1_29' title="bbox 230 1939 1940 1998; baseline 0.002 -16"><span class='ocrx_word' id='word_1_283' title='bbox 230 1939 462 1995; x_wconf 83' lang='lat' dir='ltr'>tragoedias</span> <span class='ocrx_word' id='word_1_284' title='bbox 498 1946 712 1994; x_wconf 81' lang='lat' dir='ltr'>excitavit,</span> <span class='ocrx_word' id='word_1_285' title='bbox 748 1946 842 1985; x_wconf 87' lang='lat' dir='ltr'>vide</span> <span class='ocrx_word' id='word_1_286' title='bbox 887 1947 978 1985; x_wconf 85' lang='lat' dir='ltr'>Joa.</span> <span class='ocrx_word' id='word_1_287' title='bbox 1015 1946 1253 1994; x_wconf 87' lang='lat' dir='ltr'>Villanium,</span> <span class='ocrx_word' id='word_1_288' title='bbox 1289 1947 1358 1985; x_wconf 92' lang='lat' dir='ltr'>lib.</span> <span class='ocrx_word' id='word_1_289' title='bbox 1398 1947 1497 1995; x_wconf 92' lang='lat' dir='ltr'>XII,</span> <span class='ocrx_word' id='word_1_290' title='bbox 1535 1962 1622 1998; x_wconf 88' lang='lat' dir='ltr'>cap.</span> <span class='ocrx_word' id='word_1_291' title='bbox 1644 1963 1696 1996; x_wconf 69' lang='lat' dir='ltr'>vL,</span> <span class='ocrx_word' id='word_1_292' title='bbox 1735 1962 1940 1996; x_wconf 85' lang='lat' dir='ltr'>LXXXVIII,</span> 
     </span>
     <span class='ocr_line' id='line_1_30' title="bbox 230 1999 1940 2057; baseline 0.002 -16"><span class='ocrx_word' id='word_1_293' title='bbox 230 2019 372 2051; x_wconf 78' lang='lat' dir='ltr'>XCVIII,</span> <span class='ocrx_word' id='word_1_294' title='bbox 405 2019 472 2042; x_wconf 83' lang='lat' dir='ltr'>CXI</span> <span class='ocrx_word' id='word_1_295' title='bbox 505 2005 734 2056; x_wconf 86' lang='lat' dir='ltr'>[Muratori,</span> <span class='ocrx_word' id='word_1_296' title='bbox 764 2014 794 2044; x_wconf 90' lang='lat' dir='ltr'>t.</span> <span class='ocrx_word' id='word_1_297' title='bbox 827 1999 913 2053; x_wconf 79' lang='lat' dir='ltr'>x1‘11,</span> <span class='ocrx_word' id='word_1_298' title='bbox 939 2006 1013 2044; x_wconf 89' lang='lat' dir='ltr'>col.</span> <span class='ocrx_word' id='word_1_299' title='bbox 1037 2006 1125 2053; x_wconf 86' lang='lat'><strong>932,</strong></span> <span class='ocrx_word' id='word_1_300' title='bbox 1151 2006 1240 2054; x_wconf 79' lang='grc'>968,</span> <span class='ocrx_word' id='word_1_301' title='bbox 1265 2006 1353 2054; x_wconf 90' lang='grc'>976,</span> <span class='ocrx_word' id='word_1_302' title='bbox 1380 2006 1495 2057; x_wconf 82' lang='grc'>991],</span> <span class='ocrx_word' id='word_1_303' title='bbox 1527 2007 1676 2045; x_wconf 90' lang='lat' dir='ltr'>Matth.</span> <span class='ocrx_word' id='word_1_304' title='bbox 1702 2007 1940 2055; x_wconf 88' lang='lat' dir='ltr'>Villanium,</span> 
     </span>
     <span class='ocr_line' id='line_1_31' title="bbox 232 2063 1940 2117; baseline 0.002 -16"><span class='ocrx_word' id='word_1_305' title='bbox 232 2063 301 2102; x_wconf 83' lang='lat' dir='ltr'>lib.</span> <span class='ocrx_word' id='word_1_306' title='bbox 327 2064 357 2111; x_wconf 95' lang='lat' dir='ltr'>I,</span> <span class='ocrx_word' id='word_1_307' title='bbox 379 2078 467 2114; x_wconf 89' lang='lat' dir='ltr'>cap.</span> <span class='ocrx_word' id='word_1_308' title='bbox 488 2079 514 2101; x_wconf 95' lang='lat'>11</span> <span class='ocrx_word' id='word_1_309' title='bbox 538 2064 767 2115; x_wconf 71' lang='lat' dir='ltr'>[Mu1=atori,</span> <span class='ocrx_word' id='word_1_310' title='bbox 789 2073 818 2103; x_wconf 91' lang='lat' dir='ltr'>t.</span> <span class='ocrx_word' id='word_1_311' title='bbox 842 2080 928 2112; x_wconf 88' lang='lat' dir='ltr'>XIV,</span> <span class='ocrx_word' id='word_1_312' title='bbox 950 2066 1023 2103; x_wconf 90' lang='lat' dir='ltr'>col.</span> <span class='ocrx_word' id='word_1_313' title='bbox 1046 2064 1126 2114; x_wconf 86' lang='lat'><strong>21],</strong></span> <span class='ocrx_word' id='word_1_314' title='bbox 1145 2066 1361 2104; x_wconf 88' lang='lat' dir='ltr'>Albertum</span> <span class='ocrx_word' id='word_1_315' title='bbox 1392 2066 1733 2116; x_wconf 81' lang='lat' dir='ltr'>Argentinensem</span> <span class='ocrx_word' id='word_1_316' title='bbox 1752 2066 1805 2117; x_wconf 90' lang='lat' dir='ltr'>[p.</span> <span class='ocrx_word' id='word_1_317' title='bbox 1824 2066 1940 2117; x_wconf 86' lang='lat'><strong>216],</strong></span> 
     </span>
     <span class='ocr_line' id='line_1_32' title="bbox 229 2123 1943 2175; baseline 0.002 -16"><span class='ocrx_word' id='word_1_318' title='bbox 229 2123 454 2160; x_wconf 83' lang='lat' dir='ltr'>Historiam</span> <span class='ocrx_word' id='word_1_319' title='bbox 478 2123 765 2171; x_wconf 86' lang='lat' dir='ltr'>Cortusiorum,</span> <span class='ocrx_word' id='word_1_320' title='bbox 789 2124 859 2162; x_wconf 91' lang='lat' dir='ltr'>lib.</span> <span class='ocrx_word' id='word_1_321' title='bbox 889 2124 963 2171; x_wconf 92' lang='lat' dir='ltr'>IX,</span> <span class='ocrx_word' id='word_1_322' title='bbox 989 2139 1077 2175; x_wconf 90' lang='lat' dir='ltr'>cap.</span> <span class='ocrx_word' id='word_1_323' title='bbox 1102 2140 1158 2171; x_wconf 87' lang='lat' dir='ltr'>III,</span> <span class='ocrx_word' id='word_1_324' title='bbox 1185 2140 1256 2163; x_wconf 92' lang='lat' dir='ltr'>X111</span> <span class='ocrx_word' id='word_1_325' title='bbox 1283 2124 1513 2174; x_wconf 83' lang='lat' dir='ltr'>[Muratori,</span> <span class='ocrx_word' id='word_1_326' title='bbox 1546 2134 1576 2164; x_wconf 92' lang='lat' dir='ltr'>t.</span> <span class='ocrx_word' id='word_1_327' title='bbox 1603 2140 1675 2172; x_wconf 89' lang='lat' dir='ltr'>XII,</span> <span class='ocrx_word' id='word_1_328' title='bbox 1701 2126 1774 2164; x_wconf 89' lang='lat' dir='ltr'>col.</span> <span class='ocrx_word' id='word_1_329' title='bbox 1801 2125 1878 2164; x_wconf 84' lang='lat'>916</span> <span class='ocrx_word' id='word_1_330' title='bbox 1901 2134 1943 2164; x_wconf 87' lang='lat' dir='ltr'>et</span> 
     </span>
     <span class='ocr_line' id='line_1_33' title="bbox 228 2181 1942 2235; baseline 0.002 -16"><span class='ocrx_word' id='word_1_331' title='bbox 228 2181 345 2232; x_wconf 82' lang='lat'><strong>924],</strong></span> <span class='ocrx_word' id='word_1_332' title='bbox 366 2182 581 2229; x_wconf 84' lang='lat' dir='ltr'>Bzovium,</span> <span class='ocrx_word' id='word_1_333' title='bbox 602 2197 667 2221; x_wconf 90' lang='lat' dir='ltr'>an.</span> <span class='ocrx_word' id='word_1_334' title='bbox 691 2183 805 2231; x_wconf 87' lang='lat'><strong>1353,</strong></span> <span class='ocrx_word' id='word_1_335' title='bbox 833 2184 849 2232; x_wconf 61' lang='grc' dir='ltr'>ἓ</span> <span class='ocrx_word' id='word_1_336' title='bbox 869 2183 932 2231; x_wconf 79' lang='grc'>28,</span> <span class='ocrx_word' id='word_1_337' title='bbox 954 2184 1115 2222; x_wconf 85' lang='lat' dir='ltr'>Odoric.</span> <span class='ocrx_word' id='word_1_338' title='bbox 1141 2184 1361 2233; x_wconf 80' lang='lat' dir='ltr'>Raynald.,</span> <span class='ocrx_word' id='word_1_339' title='bbox 1382 2199 1446 2223; x_wconf 90' lang='lat' dir='ltr'>an.</span> <span class='ocrx_word' id='word_1_340' title='bbox 1470 2184 1583 2233; x_wconf 89' lang='lat'><strong>1345,</strong></span> <span class='ocrx_word' id='word_1_341' title='bbox 1607 2185 1623 2233; x_wconf 63' lang='grc' dir='ltr'><strong>ἓ</strong></span> <span class='ocrx_word' id='word_1_342' title='bbox 1643 2184 1691 2222; x_wconf 90' lang='grc'>27</span> <span class='ocrx_word' id='word_1_343' title='bbox 1711 2193 1752 2223; x_wconf 91' lang='lat' dir='ltr'>et</span> <span class='ocrx_word' id='word_1_344' title='bbox 1771 2199 1942 2235; x_wconf 86' lang='lat' dir='ltr'>sequen-</span> 
     </span>
     <span class='ocr_line' id='line_1_34' title="bbox 230 2241 1942 2294; baseline 0.002 -16"><span class='ocrx_word' id='word_1_345' title='bbox 230 2241 356 2289; x_wconf 87' lang='lat' dir='ltr'>tibus,</span> <span class='ocrx_word' id='word_1_346' title='bbox 386 2242 693 2279; x_wconf 81' lang='lat' dir='ltr'>Summontium</span> <span class='ocrx_word' id='word_1_347' title='bbox 735 2242 780 2292; x_wconf 89' lang='lat' dir='ltr'>[t.</span> <span class='ocrx_word' id='word_1_348' title='bbox 809 2257 865 2290; x_wconf 90' lang='lat'>111,</span> <span class='ocrx_word' id='word_1_349' title='bbox 894 2258 932 2293; x_wconf 88' lang='lat' dir='ltr'>p.</span> <span class='ocrx_word' id='word_1_350' title='bbox 962 2243 1078 2293; x_wconf 82' lang='lat'><strong>362],</strong></span> <span class='ocrx_word' id='word_1_351' title='bbox 1108 2243 1353 2282; x_wconf 83' lang='lat' dir='ltr'>Sabellicum</span> <span class='ocrx_word' id='word_1_352' title='bbox 1385 2243 1544 2294; x_wconf 86' lang='lat' dir='ltr'>[Opera,</span> <span class='ocrx_word' id='word_1_353' title='bbox 1573 2252 1602 2283; x_wconf 88' lang='lat' dir='ltr'>t.</span> <span class='ocrx_word' id='word_1_354' title='bbox 1630 2258 1672 2291; x_wconf 90' lang='lat' dir='ltr'>II,</span> <span class='ocrx_word' id='word_1_355' title='bbox 1708 2259 1747 2294; x_wconf 93' lang='lat' dir='ltr'>p.</span> <span class='ocrx_word' id='word_1_356' title='bbox 1776 2244 1869 2294; x_wconf 81' lang='grc'>808]</span> <span class='ocrx_word' id='word_1_357' title='bbox 1901 2252 1942 2283; x_wconf 92' lang='lat' dir='ltr'>et</span> 
     </span>
     <span class='ocr_line' id='line_1_35' title="bbox 230 2300 1940 2353; baseline 0.002 -16"><span class='ocrx_word' id='word_1_358' title='bbox 230 2300 344 2339; x_wconf 80' lang='lat' dir='ltr'>alios.</span> <span class='ocrx_word' id='word_1_359' title='bbox 375 2300 475 2350; x_wconf 85' lang='lat' dir='ltr'>Ejus</span> <span class='ocrx_word' id='word_1_360' title='bbox 516 2309 692 2340; x_wconf 88' lang='lat' dir='ltr'>mortem</span> <span class='ocrx_word' id='word_1_361' title='bbox 719 2302 909 2352; x_wconf 86' lang='lat' dir='ltr'>deplorat</span> <span class='ocrx_word' id='word_1_362' title='bbox 936 2302 1173 2349; x_wconf 79' lang='lat' dir='ltr'>Petrarcha,</span> <span class='ocrx_word' id='word_1_363' title='bbox 1200 2303 1269 2341; x_wconf 90' lang='lat' dir='ltr'>lib.</span> <span class='ocrx_word' id='word_1_364' title='bbox 1299 2303 1356 2340; x_wconf 88' lang='lat' dir='ltr'>VI</span> <span class='ocrx_word' id='word_1_365' title='bbox 1384 2303 1473 2341; x_wconf 86' lang='lat' dir='ltr'>Rer.</span> <span class='ocrx_word' id='word_1_366' title='bbox 1501 2303 1710 2352; x_wconf 56' lang='lat' dir='ltr'>familiar„</span> <span class='ocrx_word' id='word_1_367' title='bbox 1738 2303 1857 2353; x_wconf 88' lang='lat' dir='ltr'>epist.</span> <span class='ocrx_word' id='word_1_368' title='bbox 1884 2318 1940 2342; x_wconf 90' lang='lat'>111.</span> 
     </span>
    </p>

    <p class='ocr_par' dir='ltr' id='par_1_5' title="bbox 230 2360 1942 2530">
     <span class='ocr_line' id='line_1_36' title="bbox 285 2360 1939 2411; baseline 0.002 -15"><span class='ocrx_word' id='word_1_369' title='bbox 285 2360 326 2396; x_wconf 90' lang='lat' dir='ltr'>P.</span> <span class='ocrx_word' id='word_1_370' title='bbox 352 2360 440 2407; x_wconf 88' lang='lat'><strong>244,</strong></span> <span class='ocrx_word' id='word_1_371' title='bbox 463 2360 528 2410; x_wconf 85' lang='lat' dir='ltr'>lig.</span> <span class='ocrx_word' id='word_1_372' title='bbox 553 2360 588 2398; x_wconf 90' lang='lat'>5.</span> <span class='ocrx_word' id='word_1_373' title='bbox 613 2360 851 2399; x_wconf 81' lang='lat' dir='ltr'>AVERSANA</span> <span class='ocrx_word' id='word_1_374' title='bbox 875 2376 1081 2400; x_wconf 84' lang='lat' dir='ltr'>CIVlTATE.</span> <span class='ocrx_word' id='word_1_375' title='bbox 1107 2362 1328 2400; x_wconf 75' lang='lat' dir='ltr'>petrarcha</span> <span class='ocrx_word' id='word_1_376' title='bbox 1352 2362 1498 2399; x_wconf 77' lang='lat' dir='ltr'>ibidem</span> <span class='ocrx_word' id='word_1_377' title='bbox 1521 2378 1528 2399; x_wconf 76' lang='grc' dir='ltr'>ε</span> <span class='ocrx_word' id='word_1_378' title='bbox 1552 2362 1584 2399; x_wconf 89' lang='lat' dir='ltr'><em>O</em></span> <span class='ocrx_word' id='word_1_379' title='bbox 1607 2361 1748 2411; x_wconf 61' lang='lat' dir='ltr'>infelix</span> <span class='ocrx_word' id='word_1_380' title='bbox 1776 2362 1939 2410; x_wconf 69' lang='lat' dir='ltr'>Aversa,</span> 
     </span>
     <span class='ocr_line' id='line_1_37' title="bbox 230 2421 1942 2471; baseline 0.002 -16"><span class='ocrx_word' id='word_1_381' title='bbox 230 2433 313 2456; x_wconf 66' lang='lat' dir='ltr'>vere</span> <span class='ocrx_word' id='word_1_382' title='bbox 334 2433 484 2466; x_wconf 67' lang='lat' dir='ltr'>aversa,</span> <span class='ocrx_word' id='word_1_383' title='bbox 508 2434 648 2457; x_wconf 84' lang='lat' dir='ltr'>nomen</span> <span class='ocrx_word' id='word_1_384' title='bbox 669 2434 714 2457; x_wconf 73' lang='lat' dir='ltr'>ex</span> <span class='ocrx_word' id='word_1_385' title='bbox 735 2435 773 2457; x_wconf 90' lang='lat' dir='ltr'>re</span> <span class='ocrx_word' id='word_1_386' title='bbox 793 2429 1011 2470; x_wconf 83' lang='lat' dir='ltr'>sumptum,</span> <span class='ocrx_word' id='word_1_387' title='bbox 1033 2435 1170 2458; x_wconf 69' lang='lat' dir='ltr'>aversa</span> <span class='ocrx_word' id='word_1_388' title='bbox 1192 2421 1355 2471; x_wconf 80' lang='lat' dir='ltr'>inquam</span> <span class='ocrx_word' id='word_1_389' title='bbox 1376 2436 1539 2471; x_wconf 88' lang='lat' dir='ltr'>prorsus</span> <span class='ocrx_word' id='word_1_390' title='bbox 1560 2421 1610 2459; x_wconf 81' lang='lat' dir='ltr'>ab</span> <span class='ocrx_word' id='word_1_391' title='bbox 1631 2421 1877 2459; x_wconf 75' lang='lat' dir='ltr'>humanitate</span> <span class='ocrx_word' id='word_1_392' title='bbox 1897 2436 1942 2459; x_wconf 91' lang='lat' dir='ltr'>ac</span> 
     </span>
     <span class='ocr_line' id='line_1_38' title="bbox 230 2478 1781 2530; baseline 0.003 -16"><span class='ocrx_word' id='word_1_393' title='bbox 230 2478 325 2526; x_wconf 78' lang='lat' dir='ltr'>fide,·</span> <span class='ocrx_word' id='word_1_394' title='bbox 349 2492 517 2528; x_wconf 82' lang='lat' dir='ltr'>quarum</span> <span class='ocrx_word' id='word_1_395' title='bbox 540 2479 674 2528; x_wconf 85' lang='lat' dir='ltr'>prima</span> <span class='ocrx_word' id='word_1_396' title='bbox 697 2479 863 2527; x_wconf 79' lang='lat' dir='ltr'>homini,</span> <span class='ocrx_word' id='word_1_397' title='bbox 889 2481 1062 2517; x_wconf 79' lang='lat' dir='ltr'>secunda</span> <span class='ocrx_word' id='word_1_398' title='bbox 1086 2480 1168 2529; x_wconf 77' lang='lat' dir='ltr'>regi</span> <span class='ocrx_word' id='word_1_399' title='bbox 1192 2489 1226 2517; x_wconf 89' lang='lat' dir='ltr'>et</span> <span class='ocrx_word' id='word_1_400' title='bbox 1246 2480 1351 2530; x_wconf 82' lang='lat' dir='ltr'>justo</span> <span class='ocrx_word' id='word_1_401' title='bbox 1376 2480 1535 2518; x_wconf 79' lang='lat' dir='ltr'>domino</span> <span class='ocrx_word' id='word_1_402' title='bbox 1559 2480 1781 2518; x_wconf 80' lang='lat' dir='ltr'>debebatur.</span> 
     </span>
    </p>

    <p class='ocr_par' dir='ltr' id='par_1_6' title="bbox 231 2537 1943 2769">
     <span class='ocr_line' id='line_1_39' title="bbox 285 2537 1941 2587; baseline 0.002 -13"><span class='ocrx_word' id='word_1_403' title='bbox 285 2537 327 2574; x_wconf 89' lang='lat' dir='ltr'>P.</span> <span class='ocrx_word' id='word_1_404' title='bbox 351 2537 440 2584; x_wconf 86' lang='lat'><strong>244,</strong></span> <span class='ocrx_word' id='word_1_405' title='bbox 461 2538 527 2587; x_wconf 78' lang='lat' dir='ltr'>lig.</span> <span class='ocrx_word' id='word_1_406' title='bbox 551 2538 585 2576; x_wconf 90' lang='lat'>5.</span> <span class='ocrx_word' id='word_1_407' title='bbox 609 2539 673 2575; x_wconf 80' lang='lat' dir='ltr'>AD</span> <span class='ocrx_word' id='word_1_408' title='bbox 697 2553 881 2577; x_wconf 84' lang='lat' dir='ltr'>LECTUM.</span> <span class='ocrx_word' id='word_1_409' title='bbox 906 2539 1089 2577; x_wconf 89' lang='lat' dir='ltr'>Clemens</span> <span class='ocrx_word' id='word_1_410' title='bbox 1111 2539 1169 2576; x_wconf 83' lang='lat' dir='ltr'>Vl</span> <span class='ocrx_word' id='word_1_411' title='bbox 1189 2539 1229 2577; x_wconf 87' lang='lat' dir='ltr'>in</span> <span class='ocrx_word' id='word_1_412' title='bbox 1251 2538 1498 2577; x_wconf 83' lang='lat' dir='ltr'>Collatione3</span> <span class='ocrx_word' id='word_1_413' title='bbox 1521 2539 1632 2578; x_wconf 82' lang='lat' dir='ltr'>facta</span> <span class='ocrx_word' id='word_1_414' title='bbox 1654 2548 1796 2578; x_wconf 86' lang='lat' dir='ltr'>contra</span> <span class='ocrx_word' id='word_1_415' title='bbox 1817 2539 1941 2578; x_wconf 88' lang='lat' dir='ltr'>inter-</span> 
     </span>
     <span class='ocr_line' id='line_1_40' title="bbox 231 2596 1943 2648; baseline 0.002 -16"><span class='ocrx_word' id='word_1_416' title='bbox 231 2596 403 2634; x_wconf 80' lang='lat' dir='ltr'>fectores</span> <span class='ocrx_word' id='word_1_417' title='bbox 427 2597 612 2645; x_wconf 87' lang='lat' dir='ltr'>ejusdem</span> <span class='ocrx_word' id='word_1_418' title='bbox 635 2598 822 2636; x_wconf 88' lang='lat' dir='ltr'>Andreae</span> <span class='ocrx_word' id='word_1_419' title='bbox 847 2614 854 2635; x_wconf 90' lang='lat'>:</span> <span class='ocrx_word' id='word_1_420' title='bbox 881 2598 947 2636; x_wconf 85' lang='lat' dir='ltr'>Sic</span> <span class='ocrx_word' id='word_1_421' title='bbox 971 2598 1050 2645; x_wconf 84' lang='lat' dir='ltr'>isti,</span> <span class='ocrx_word' id='word_1_422' title='bbox 1074 2613 1163 2636; x_wconf 80' lang='lat' dir='ltr'>cum</span> <span class='ocrx_word' id='word_1_423' title='bbox 1186 2598 1269 2648; x_wconf 86' lang='lat' dir='ltr'>ipse</span> <span class='ocrx_word' id='word_1_424' title='bbox 1289 2599 1373 2648; x_wconf 83' lang='lat' dir='ltr'>jam</span> <span class='ocrx_word' id='word_1_425' title='bbox 1395 2599 1630 2648; x_wconf 57' lang='lat' dir='ltr'>expoliasset</span> <span class='ocrx_word' id='word_1_426' title='bbox 1649 2598 1943 2648; x_wconf 63' lang='lat' dir='ltr'>super-tunicata</span> 
     </span>
     <span class='ocr_line' id='line_1_41' title="bbox 233 2656 1942 2709; baseline 0.002 -18"><span class='ocrx_word' id='word_1_427' title='bbox 233 2669 348 2691; x_wconf 84' lang='lat' dir='ltr'>suum</span> <span class='ocrx_word' id='word_1_428' title='bbox 374 2664 407 2692; x_wconf 88' lang='lat' dir='ltr'>et</span> <span class='ocrx_word' id='word_1_429' title='bbox 429 2656 696 2694; x_wconf 79' lang='lat' dir='ltr'>discalciasset</span> <span class='ocrx_word' id='word_1_430' title='bbox 716 2657 906 2694; x_wconf 85' lang='lat' dir='ltr'>sotulares</span> <span class='ocrx_word' id='word_1_431' title='bbox 929 2665 963 2694; x_wconf 85' lang='lat' dir='ltr'>et</span> <span class='ocrx_word' id='word_1_432' title='bbox 985 2658 1092 2694; x_wconf 69' lang='lat' dir='ltr'>vellet</span> <span class='ocrx_word' id='word_1_433' title='bbox 1116 2658 1261 2695; x_wconf 81' lang='lat' dir='ltr'>intrare</span> <span class='ocrx_word' id='word_1_434' title='bbox 1284 2658 1422 2695; x_wconf 83' lang='lat' dir='ltr'>lectum</span> <span class='ocrx_word' id='word_1_435' title='bbox 1446 2673 1533 2695; x_wconf 83' lang='lat' dir='ltr'>cum</span> <span class='ocrx_word' id='word_1_436' title='bbox 1556 2658 1695 2707; x_wconf 80' lang='lat' dir='ltr'>regina</span> <span class='ocrx_word' id='word_1_437' title='bbox 1719 2672 1836 2695; x_wconf 72' lang='lat' dir='ltr'>uxore</span> <span class='ocrx_word' id='word_1_438' title='bbox 1853 2672 1942 2709; x_wconf 74' lang='lat' dir='ltr'>sua,</span> 
     </span>
     <span class='ocr_line' id='line_1_42' title="bbox 231 2716 1386 2769; baseline 0.003 -19"><span class='ocrx_word' id='word_1_439' title='bbox 231 2723 463 2752; x_wconf 65' lang='lat' dir='ltr'>vocaverant</span> <span class='ocrx_word' id='word_1_440' title='bbox 487 2729 589 2763; x_wconf 85' lang='lat' dir='ltr'>eum,</span> <span class='ocrx_word' id='word_1_441' title='bbox 615 2724 649 2753; x_wconf 87' lang='lat' dir='ltr'>et</span> <span class='ocrx_word' id='word_1_442' title='bbox 674 2716 744 2753; x_wconf 88' lang='lat' dir='ltr'>illa</span> <span class='ocrx_word' id='word_1_443' title='bbox 768 2716 863 2754; x_wconf 80' lang='lat' dir='ltr'>liora</span> <span class='ocrx_word' id='word_1_444' title='bbox 887 2725 1072 2766; x_wconf 81' lang='lat' dir='ltr'>ceperunt</span> <span class='ocrx_word' id='word_1_445' title='bbox 1095 2724 1129 2753; x_wconf 87' lang='lat' dir='ltr'>et</span> <span class='ocrx_word' id='word_1_446' title='bbox 1153 2717 1386 2769; x_wconf 79' lang='lat' dir='ltr'>occiderunt.</span> 
     </span>
    </p>
   </div>
   <div class='ocr_carea' id='block_1_3' title="bbox 234 2867 1938 3178">
    <p class='ocr_par' dir='ltr' id='par_1_7' title="bbox 286 2867 1031 2909">
     <span class='ocr_line' id='line_1_43' title="bbox 286 2867 1031 2909; baseline 0.008 -11"><span class='ocrx_word' id='word_1_447' title='bbox 286 2867 311 2898; x_wconf 88' lang='grc'>1.</span> <span class='ocrx_word' id='word_1_448' title='bbox 336 2867 374 2899; x_wconf 70' lang='lat'>13.</span> <span class='ocrx_word' id='word_1_449' title='bbox 401 2867 458 2907; x_wconf 87' lang='lat' dir='ltr'>N.,</span> <span class='ocrx_word' id='word_1_450' title='bbox 480 2880 547 2901; x_wconf 87' lang='lat' dir='ltr'>ms.</span> <span class='ocrx_word' id='word_1_451' title='bbox 570 2869 664 2901; x_wconf 67' lang='lat' dir='ltr'>latin</span> <span class='ocrx_word' id='word_1_452' title='bbox 685 2869 790 2909; x_wconf 80' lang='lat'>5006,</span> <span class='ocrx_word' id='word_1_453' title='bbox 812 2870 876 2903; x_wconf 81' lang='lat' dir='ltr'>fol.</span> <span class='ocrx_word' id='word_1_454' title='bbox 899 2870 968 2904; x_wconf 86' lang='lat'>180</span> <span class='ocrx_word' id='word_1_455' title='bbox 989 2875 1031 2903; x_wconf 73' lang='grc' dir='ltr'>ΓΟ.</span> 
     </span>
    </p>

    <p class='ocr_par' dir='ltr' id='par_1_8' title="bbox 234 2920 1938 3072">
     <span class='ocr_line' id='line_1_44' title="bbox 284 2920 1936 2965; baseline 0.002 -15"><span class='ocrx_word' id='word_1_456' title='bbox 284 2922 313 2951; x_wconf 71' lang='lat'>2.</span> <span class='ocrx_word' id='word_1_457' title='bbox 340 2920 390 2952; x_wconf 80' lang='lat' dir='ltr'>La</span> <span class='ocrx_word' id='word_1_458' title='bbox 414 2921 565 2953; x_wconf 74' lang='lat' dir='ltr'>lurnicre</span> <span class='ocrx_word' id='word_1_459' title='bbox 589 2922 649 2954; x_wconf 77' lang='lat' dir='ltr'>n&#39;a</span> <span class='ocrx_word' id='word_1_460' title='bbox 672 2934 738 2965; x_wconf 82' lang='lat' dir='ltr'>pas</span> <span class='ocrx_word' id='word_1_461' title='bbox 761 2934 892 2956; x_wconf 86' lang='lat' dir='ltr'>encore</span> <span class='ocrx_word' id='word_1_462' title='bbox 915 2925 973 2956; x_wconf 75' lang='lat' dir='ltr'>ete</span> <span class='ocrx_word' id='word_1_463' title='bbox 996 2923 1087 2956; x_wconf 67' lang='lat' dir='ltr'>faite</span> <span class='ocrx_word' id='word_1_464' title='bbox 1109 2935 1172 2956; x_wconf 86' lang='lat' dir='ltr'>sur</span> <span class='ocrx_word' id='word_1_465' title='bbox 1193 2923 1242 2955; x_wconf 82' lang='lat' dir='ltr'>les</span> <span class='ocrx_word' id='word_1_466' title='bbox 1266 2922 1539 2955; x_wconf 80' lang='lat' dir='ltr'>circonstances</span> <span class='ocrx_word' id='word_1_467' title='bbox 1564 2923 1613 2955; x_wconf 89' lang='lat' dir='ltr'>du</span> <span class='ocrx_word' id='word_1_468' title='bbox 1635 2928 1799 2955; x_wconf 86' lang='lat' dir='ltr'>meurtre</span> <span class='ocrx_word' id='word_1_469' title='bbox 1822 2926 1860 2954; x_wconf 83' lang='lat' dir='ltr'>et</span> <span class='ocrx_word' id='word_1_470' title='bbox 1880 2932 1936 2954; x_wconf 84' lang='lat' dir='ltr'>ses</span> 
     </span>
     <span class='ocr_line' id='line_1_45' title="bbox 235 2974 1938 3020; baseline 0.004 -19"><span class='ocrx_word' id='word_1_471' title='bbox 235 2978 403 3012; x_wconf 63' lang='grc' dir='ltr'>ιιιιιοηι-ες</span> <span class='ocrx_word' id='word_1_472' title='bbox 426 2974 505 3006; x_wconf 80' lang='lat' dir='ltr'>voir</span> <span class='ocrx_word' id='word_1_473' title='bbox 524 2986 600 3007; x_wconf 79' lang='lat' dir='ltr'>mes</span> <span class='ocrx_word' id='word_1_474' title='bbox 620 2975 741 3018; x_wconf 77' lang='lat' dir='ltr'>Papes</span> <span class='ocrx_word' id='word_1_475' title='bbox 761 2976 983 3019; x_wconf 67' lang='lat' dir='ltr'>(Z&#39;Avignon,</span> <span class='ocrx_word' id='word_1_476' title='bbox 1004 2988 1038 3020; x_wconf 91' lang='lat' dir='ltr'>p.</span> <span class='ocrx_word' id='word_1_477' title='bbox 1060 2976 1218 3010; x_wconf 79' lang='lat'><strong>178—179</strong></span> <span class='ocrx_word' id='word_1_478' title='bbox 1238 2982 1275 3008; x_wconf 87' lang='lat' dir='ltr'>et</span> <span class='ocrx_word' id='word_1_479' title='bbox 1294 2976 1328 3008; x_wconf 81' lang='lat' dir='ltr'>la</span> <span class='ocrx_word' id='word_1_480' title='bbox 1349 2975 1553 3019; x_wconf 77' lang='lat' dir='ltr'>Clzronique</span> <span class='ocrx_word' id='word_1_481' title='bbox 1572 2976 1612 3008; x_wconf 84' lang='lat' dir='ltr'>de</span> <span class='ocrx_word' id='word_1_482' title='bbox 1626 2975 1825 3008; x_wconf 80' lang='lat' dir='ltr'>Domenico</span> <span class='ocrx_word' id='word_1_483' title='bbox 1850 2974 1938 3008; x_wconf 83' lang='lat' dir='ltr'>Gra-</span> 
     </span>
     <span class='ocr_line' id='line_1_46' title="bbox 234 3025 1088 3072; baseline 0.009 -17"><span class='ocrx_word' id='word_1_484' title='bbox 234 3025 331 3063; x_wconf 56' lang='lat' dir='ltr'>vina,</span> <span class='ocrx_word' id='word_1_485' title='bbox 357 3026 447 3058; x_wconf 78' lang='lat' dir='ltr'>dans</span> <span class='ocrx_word' id='word_1_486' title='bbox 470 3026 663 3067; x_wconf 67' lang='lat' dir='ltr'>Mul-filori,</span> <span class='ocrx_word' id='word_1_487' title='bbox 687 3035 711 3061; x_wconf 76' lang='lat' dir='ltr'>t.</span> <span class='ocrx_word' id='word_1_488' title='bbox 736 3041 800 3067; x_wconf 78' lang='lat' dir='ltr'>XII,</span> <span class='ocrx_word' id='word_1_489' title='bbox 823 3030 890 3062; x_wconf 84' lang='lat' dir='ltr'>col.</span> <span class='ocrx_word' id='word_1_490' title='bbox 914 3030 957 3062; x_wconf 88' lang='lat'>59</span> <span class='ocrx_word' id='word_1_491' title='bbox 978 3036 1015 3062; x_wconf 86' lang='lat' dir='ltr'>et</span> <span class='ocrx_word' id='word_1_492' title='bbox 1035 3041 1088 3072; x_wconf 86' lang='lat' dir='ltr'>sq.</span> 
     </span>
    </p>

    <p class='ocr_par' dir='ltr' id='par_1_9' title="bbox 234 3078 1938 3178">
     <span class='ocr_line' id='line_1_47' title="bbox 282 3078 1938 3124; baseline 0.004 -17"><span class='ocrx_word' id='word_1_493' title='bbox 282 3081 312 3109; x_wconf 66' lang='lat'>21.</span> <span class='ocrx_word' id='word_1_494' title='bbox 339 3078 597 3122; x_wconf 49' lang='lat' dir='ltr'>tubunnis—qim</span> <span class='ocrx_word' id='word_1_495' title='bbox 629 3080 1002 3122; x_wconf 75' lang='lat' dir='ltr'>Sainlc—Ccnevicvc,</span> <span class='ocrx_word' id='word_1_496' title='bbox 1024 3094 1090 3115; x_wconf 88' lang='lat' dir='ltr'>ms.</span> <span class='ocrx_word' id='word_1_497' title='bbox 1112 3082 1193 3121; x_wconf 68' lang='grc'>240,</span> <span class='ocrx_word' id='word_1_498' title='bbox 1215 3082 1277 3115; x_wconf 79' lang='lat' dir='ltr'>sol.</span> <span class='ocrx_word' id='word_1_499' title='bbox 1298 3083 1366 3115; x_wconf 78' lang='lat'>365</span> <span class='ocrx_word' id='word_1_500' title='bbox 1386 3086 1429 3121; x_wconf 71' lang='grc' dir='ltr'>ΓΟ,</span> <span class='ocrx_word' id='word_1_501' title='bbox 1452 3082 1531 3114; x_wconf 83' lang='lat' dir='ltr'>voir</span> <span class='ocrx_word' id='word_1_502' title='bbox 1561 3081 1659 3114; x_wconf 80' lang='lat' dir='ltr'>aussi</span> <span class='ocrx_word' id='word_1_503' title='bbox 1678 3082 1713 3114; x_wconf 84' lang='lat' dir='ltr'>la</span> <span class='ocrx_word' id='word_1_504' title='bbox 1732 3080 1938 3124; x_wconf 83' lang='lat' dir='ltr'>chronique</span> 
     </span>
     <span class='ocr_line' id='line_1_48' title="bbox 234 3130 1641 3178; baseline 0.008 -21"><span class='ocrx_word' id='word_1_505' title='bbox 234 3130 277 3160; x_wconf 68' lang='lat' dir='ltr'>«lue</span> <span class='ocrx_word' id='word_1_506' title='bbox 304 3130 518 3173; x_wconf 40' lang='lat' dir='ltr'>lxhnigsaal,</span> <span class='ocrx_word' id='word_1_507' title='bbox 544 3134 634 3165; x_wconf 71' lang='lat' dir='ltr'>dans</span> <span class='ocrx_word' id='word_1_508' title='bbox 660 3134 858 3177; x_wconf 76' lang='lat' dir='ltr'>Scriptores</span> <span class='ocrx_word' id='word_1_509' title='bbox 879 3147 998 3168; x_wconf 78' lang='lat' dir='ltr'>rerum</span> <span class='ocrx_word' id='word_1_510' title='bbox 1018 3136 1311 3175; x_wconf 74' lang='lat' dir='ltr'>Austrincarum,</span> <span class='ocrx_word' id='word_1_511' title='bbox 1336 3141 1361 3168; x_wconf 89' lang='lat' dir='ltr'>t.</span> <span class='ocrx_word' id='word_1_512' title='bbox 1386 3133 1477 3174; x_wconf 72' lang='lat' dir='ltr'>will,</span> <span class='ocrx_word' id='word_1_513' title='bbox 1502 3147 1536 3178; x_wconf 90' lang='lat' dir='ltr'>p.</span> <span class='ocrx_word' id='word_1_514' title='bbox 1561 3135 1641 3168; x_wconf 79' lang='grc'>583.</span> 
     </span>
    </p>
   </div>
  </div>
 </body>
</html>
