2083 3458
300 248 378 289 756
945 261 1097 286 NOTAE
1131 262 1191 286 AD
1226 262 1353 286 VITAs
1848 245 1974 301 [1232
1986 246 2003 301 ]

296 348 364 386 lib.
386 348 438 394 II,
462 348 521 385 De
549 347 768 393 schismate,
797 360 886 396 cap.
916 361 987 383 mv
1018 345 1074 396 [p.
1104 345 1186 396 29].
1216 345 1317 383 Cum
1346 345 1487 395 itaque
1513 345 1746 384 Bernardus
1771 345 1819 383 de
1845 345 1884 383 la
1907 345 1999 384 Sala
2050 394 2053 400 .

296 407 526 445 transiisset
560 407 602 444 in
636 414 773 458 partes
805 405 1007 443 Praefecti
1043 413 1083 443 et
1118 397 1404 453 cardinalium,
1439 405 1630 443 Urbanus
1666 419 1761 445 eum
1790 404 1995 455 impendio

298 466 440 505 oderat
477 474 517 504 et
554 465 837 504 aversabatur.
878 465 1011 513 Quam
1050 465 1100 502 ob
1138 479 1305 505 causam
1342 464 1457 502 illum
1494 464 1870 503 anathematizavit
1907 478 1998 504 cum

296 525 438 565 ceteris
476 540 576 575 quos
612 524 881 563 existimabat
917 539 1001 562 esse
1038 539 1130 562 suos
1167 524 1352 562 inimicos
1389 523 1599 579 capitales.
1637 524 1739 563 Vide
1777 523 1999 563 Odoricum

299 584 579 635 Raynaldum‚
598 599 663 622 an.
681 584 797 631 1378,
822 584 838 633 ἓ
859 584 932 622 107
951 598 1028 633 sq.,
1048 598 1113 622 an.
1134 583 1252 631 1379,
1276 584 1293 633 ἓ
1311 583 1362 621 24
1379 591 1420 622 et
1439 597 1506 622 an.
1522 583 1638 632 1389,
1663 584 1680 633 ξ
1698 584 1734 622 8.
1752 583 1878 623 Recte
1899 582 1996 623 dicit

297 644 569 683 Theodericus
596 644 643 682 de
670 642 885 691 Niem,lib.
917 644 946 687 l,
969 644 1028 680 De
1054 643 1284 691 Schismate,
1311 657 1399 693 cap.
1427 658 1514 691 xm,
1538 642 1609 681 ubi
1634 643 1696 681 vir
1720 643 1796 682 iste
1826 651 2001 682 vocatur·

294 704 526 743 Bernardus
547 703 595 742 de
614 704 651 741 la
673 703 782 741 Zala.

350 764 393 802 P.
428 763 518 811 449,
552 762 618 813 lig.
653 763 716 801 34.
752 763 1065 801 PATmARcHAM
1102 763 1676 805 CONSTANTINOPOLITANUM,
1712 762 1917 801 „Iacobum
1947 761 2000 800 de·

300 824 398 861 ltro.
427 823 473 860 In
497 822 752 873 depositione
778 822 915 861 fratris
943 822 1100 861 Nicolai
1125 821 1319 872 Misquini
1343 821 1427 860 sive
1453 822 1674 861 Caraccioli
1698 822 1913 861 cardinalis
1937 821 1996 860 ita

295 882 474 933 legitur1
507 899 514 921 z
542 882 696 920 Deinde
725 882 777 920 ad
805 896 953 932 paucos
983 882 1066 919 dies
1104 881 1198 920 dicti
1227 882 1450 920 cardinales
1490 881 1775 920 ultramontani
1813 888 2003 920 venerunt

297 942 468 989 Fundis,
485 951 519 980 et
535 942 592 979 ibi
608 956 647 979 se
664 941 1016 991 manifestaverunt
1030 941 1287 988 scismaticos,
1302 941 1397 991 quia
1413 956 1482 992 per
1497 942 1705 980 dominum
1721 949 1813 979 tunc
1827 941 1993 992 patriar-

296 1002 407 1040 cham
441 1001 931 1051 Constantinopolitanum
963 1001 1137 1050 fecerunt
1170 1001 1370 1051 publicari
1405 1002 1506 1051 quod
1539 1001 1726 1039 dominus
1760 1009 1885 1039 noster
1917 1007 2003 1038 erat

298 1062 487 1099 intrusus.
518 1061 619 1100 Vide
646 1061 862 1108 Bzovium,
881 1075 947 1100 an.
970 1060 1086 1109 1378,
1112 1061 1129 1110 ἓ
1149 1061 1212 1109 17,
1231 1070 1272 1099 et
1298 1060 1523 1112 Spondan.,
1542 1060 1632 1100 eod.
1651 1075 1735 1108 an.,
1760 1061 1777 1110 ξ
1797 1060 1858 1099 15.
1881 1059 2001 1098 Istud

261 1160 264 1162 .
295 1130 435 1161 tamen
466 1121 623 1161 factum
652 1136 733 1159 non
763 1129 824 1158 est
856 1120 1025 1168 Fundis,
1053 1128 1101 1158 ut
1130 1120 1299 1171 putavit
1329 1119 1581 1170 Mesquinus,
1603 1120 1674 1159 sed
1703 1119 1929 1170 Anagniae,
1950 1127 2003 1157 ut

295 1181 416 1219 isthic
439 1180 559 1219 docet
580 1180 645 1219 hic
668 1188 813 1219 auctor
834 1188 876 1219 et
897 1179 1062 1218 aliunde
1085 1189 1196 1218 certo
1219 1188 1397 1219 constat.
1423 1180 1618 1218 Nondum
1640 1179 1750 1220 enim
1772 1178 2001 1219 cardinales

295 1248 552 1279 accesserant
572 1240 624 1278 ad
647 1239 846 1290 oppidum
870 1240 1124 1286 Fundorum,
1146 1239 1297 1290 quippe
1320 1239 1390 1290 qui
1411 1239 1599 1289 Anagnia
1620 1254 1703 1278 non
1724 1239 2002 1279 discesserunt.

295 1307 392 1338 ante
408 1299 516 1338 diem
533 1314 651 1337 xxvn
668 1299 853 1349 ejusdem
869 1298 1019 1338 mensis
1039 1299 1218 1349 augusti,
1237 1308 1284 1337 ut
1302 1299 1451 1349 legitur
1470 1313 1593 1350 supra
1610 1299 1656 1349 [t.
1673 1299 1704 1350 1]
1718 1314 1758 1350 p,
1772 1299 1861 1337 458.
1879 1298 1997 1337 Nico-

294 1360 382 1397 laus
406 1358 611 1408 Eymerici
630 1359 671 1396 in
693 1367 878 1398 tractatu
902 1358 1040 1397 edit02
1060 1359 1256 1398 adversus
1280 1359 1520 1399 electionem
1542 1358 1723 1397 Urbani:
1746 1359 1824 1409 Qui
1843 1357 2002 1408 quidem.

296 1418 447 1456 domini
466 1418 687 1457 cardinales
705 1419 842 1469 palam
859 1427 894 1456 et
909 1418 1068 1469 publice
1087 1419 1129 1456 in
1148 1419 1302 1457 civitate
1321 1419 1510 1468 Anagnia
1530 1434 1678 1468 magna
1696 1418 1787 1456 cleri
1805 1426 1840 1456 et
1855 1416 1998 1468 populi

296 1478 548 1516 multitudine
575 1493 644 1529 per
669 1492 763 1515 suas
791 1486 966 1528 patentes
993 1478 1140 1516 litteras
1167 1479 1425 1529 publicarunt
1450 1493 1496 1517 ac
1523 1478 1816 1516 denunciarunt
1841 1477 2002 1528 publice

294 1553 339 1575 ac
356 1537 596 1575 denunciare
610 1538 784 1586 jecerunt
799 1552 868 1588 per
884 1538 1153 1587 patriarcham
1170 1538 1673 1588 Constantinopolitanum,
1694 1537 1795 1588 ipsis
1812 1536 2002 1575 omnibus

295 1597 554 1647 presentibus,
584 1597 690 1647 ipsos
718 1597 832 1634 illum
857 1597 1175 1635 Barchalomeum
1200 1612 1270 1648 per
1296 1606 1439 1636 metum
1467 1598 1509 1635 in
1535 1605 1775 1636 constantem
1800 1597 1999 1635 cadentem

295 1670 531 1695 nominasse.

349 1717 391 1754 P.
414 1716 503 1758 449,
525 1716 591 1766 lig.
609 1715 671 1754 34.
692 1716 888 1754 NATIONE
907 1717 1134 1754 YTALICUM
1157 1716 1241 1755 sive
1259 1717 1532 1767 Campanum,
1548 1725 1595 1755 ut
1611 1731 1734 1767 supra
1754 1716 1799 1766 [t.
1815 1716 1847 1766 1]
1863 1731 1903 1766 p.
1920 1715 2000 1754 473

294 1775 334 1812 in
356 1776 496 1812 Prima
512 1775 723 1813 Clementis
744 1776 831 1813 VII
854 1776 946 1817 vita.
973 1776 1078 1814 Hinc
1097 1791 1192 1826 ergo
1214 1776 1379 1815 videtur
1396 1785 1508 1814 ortus
1524 1791 1635 1814 error
1653 1790 1794 1815 eorum
1814 1775 1884 1826 qui
1903 1789 2001 1814 eum

295 1843 498 1884 putarunt
520 1834 642 1872 fuisse
667 1835 844 1882 Gallum,
868 1843 1013 1872 natum
1046 1835 1238 1874 videlicet
1259 1835 1300 1873 in
1323 1835 1549 1886 Campania
1582 1835 1737 1874 Galliae
1768 1834 1994 1886 provincia.

298 1895 428 1931 Natus
458 1902 518 1932 est
545 1894 586 1931 in
613 1908 658 1932 ea
688 1902 804 1944 parte
837 1894 978 1933 Italiae
1008 1909 1112 1945 quae
1140 1895 1366 1945 Campania
1395 1894 1558 1942 dicitur,
1586 1895 1627 1932 in
1655 1909 1735 1945 qua
1757 1895 1881 1934 sitam
1911 1909 1995 1933 esse

295 1953 510 1993 civitatem
527 1954 765 1992 Fundorum
781 1954 922 1992 scribit
938 1954 1248 1993 Theodericusa
1266 1955 1399 2002 Niem,
1414 1955 1483 1993 lib.
1504 1955 1595 2001 LDe
1609 1955 1831 2001 schismate,
1847 1968 1936 2005 cap.
1951 1969 1995 1992 lx

299 2012 354 2063 [p.
375 2012 465 2063 24],
484 2012 603 2062 juxta
624 2027 749 2062 quam
765 2014 949 2063 positum
965 2013 1088 2052 fuisse
1108 2022 1291 2053 castrum
1311 2015 1359 2053 de
1382 2015 1466 2053 ltro
1482 2014 1591 2053 unde
1611 2014 1706 2052 huic
1724 2014 1812 2052 viro
1831 2028 1999 2062 nomen,

295 2071 443 2121 legitur
460 2072 501 2110 in
519 2072 775 2122 depositione
793 2073 979 2122 ejusdem
997 2073 1142 2112 decani
1160 2073 1439 2112 Tirasonensis
1457 2073 1472 2096 3
1490 2090 1497 2112 :
1520 2074 1618 2112 Item
1635 2074 1736 2111 dixit
1752 2074 1854 2124 quod
1870 2074 1996 2112 dictus

295 2146 418 2168 comes
456 2132 737 2182 [Fundorum]
768 2132 933 2170 hahebat
961 2133 1189 2170 comitatum
1216 2148 1335 2171 suum
1364 2134 1406 2170 in
1434 2148 1553 2182 regno
1582 2133 1864 2184 NeapolitanO,
1892 2142 1926 2172 et
1954 2134 1996 2171 in

295 2191 393 2228 dicto
410 2192 595 2229 comitatu
611 2200 693 2229 erat
709 2206 789 2229 una
806 2192 945 2230 civitas
961 2201 1093 2230 vocata
1112 2193 1271 2230 Fundis
1286 2201 1320 2230 et
1337 2208 1463 2230 unum
1480 2208 1672 2242 magnum
1687 2201 1860 2231 castrum
1875 2207 1998 2243 propev

295 2250 452 2287 Fundis
479 2259 656 2288 vocatum
689 2251 795 2289 Ytro.
826 2252 1006 2289 ,Ioannes
1036 2251 1249 2299 Villanius,
1277 2252 1346 2290 lib.
1377 2267 1448 2300 ΧΠ,
1476 2266 1565 2303 cap.
1596 2267 1726 2290 Lxxlv
1765 2251 1997 2302 [Muratori,

294 2317 322 2347 t.
354 2324 439 2356 x111,
468 2310 541 2348 col.
570 2309 672 2360 958]
701 2310 760 2348 ait
788 2311 1002 2349 castellum
1030 2311 1078 2349 de
1111 2312 1195 2349 Itro
1223 2312 1350 2350 situm
1377 2327 1461 2350 esse
1488 2327 1616 2363 prope
1645 2312 1855 2357 Gaietam;
1884 2312 1995 2362 quod

294 2368 420 2406 etiam
451 2369 581 2419 liquet
612 2384 662 2407 ex
694 2365 866 2420 epistola
902 2370 1072 2409 „loannis
1107 2371 1236 2408 XXII
1271 2385 1375 2421 quae
1408 2380 1526 2410 extat
1556 2372 1668 2422 apud
1701 2371 1997 2421 VVaddingum,

294 2436 323 2465 t.
348 2443 415 2475 vn,
435 2428 475 2465 in
495 2429 672 2477 Regesto,
693 2444 731 2479 p.
752 2429 841 2467 359.
868 2429 913 2466 In
929 2430 1082 2467 Diario·
1095 2430 1267 2469 Joannis
1290 2431 1426 2478 Fabri,
1445 2430 1627 2481 episcopi
1646 2430 1922 2478 Carnotensis,
1941 2431 1997 2469 ad

294 2502 449 2526 annum
473 2489 815 2526 MCCCLXXXV
834 2497 884 2527 set
911 2489 1019 2527 diem
1043 2489 1143 2527 XIV
1162 2490 1252 2539 julii
1275 2490 1382 2528 inter
1403 2490 1540 2529 literas
1564 2491 1616 2528 ab
1638 2491 1781 2529 eodem
1803 2490 1993 2541 episcopo

295 2547 535 2585 cancellario
553 2547 710 2586 Siciliae
728 2548 925 2597 sigillatas
942 2548 1000 2586 ita
1017 2548 1218 2599 scriptum
1234 2558 1295 2587 est
1314 2566 1320 2587 ε
1342 2550 1439 2587 Item
1455 2564 1531 2587 une
1545 2550 1635 2587 letre
1649 2564 1751 2600 pour
1772 2564 1827 2587 un
1841 2552 1994 2587 nomme‘

294 2607 475 2644 Andreas
498 2607 645 2655 Angeli
668 2608 712 2644 de
741 2607 848 2654 Yiro,
872 2608 1070 2645 Fundane
1093 2608 1272 2656 diocesis,
1296 2624 1370 2659 par
1400 2610 1564 2659 laquelle
1588 2610 1767 2647 madame
1804 2609 1836 2646 le
1858 2609 1998 2647 retient

294 2679 337 2701 en
361 2679 431 2702 son
452 2666 667 2704 secretaire.
694 2666 752 2705 De
776 2667 932 2705 Jacobo
956 2667 1140 2717 pluribus
1162 2682 1329 2717 agemus
1352 2669 1457 2707 infra
1479 2668 1521 2706 in
1543 2667 1651 2706 notis
1674 2669 1725 2706 ad
1754 2668 1888 2706 Vitam
1909 2668 1995 2705 Cle-

295 2725 433 2760 mentis
460 2725 557 2771 VII,
579 2725 647 2774 qui
667 2740 760 2764 eum
782 2726 879 2764 fecit
899 2726 1162 2766 cardinalem.

349 2784 387 2820 l'.
423 2784 511 2830 449,
546 2784 611 2834 lig.
646 2785 707 2823 35.
745 2785 1082 2825 SERMOCINAVIT.
1121 2787 1166 2824 In
1200 2786 1337 2825 codice
1371 2786 1449 2825 843
1482 2786 1623 2825 Sancti
1657 2786 1832 2824 Victoris
1850 2785 1996 2833 Paris.‚.

296 2841 359 2878 fol.
387 2843 528 2880 ¹177mt
563 2843 603 2880 in
630 2844 766 2882 codice
789 2845 1063 2884 bibliothecae
1098 2845 1231 2895 regiae
1258 2845 1375 2893 9670,
1397 2846 1463 2885 fol.
1493 2846 1568 2884 223
1589 2853 1637 2893 π’),
1668 2846 1746 2883 ista
1769 2846 1961 2895 leguntur
1984 2861 1992 2883 :

296 2900 439 2937 'l'lwnm
473 2903 754 2950 predicationis
787 2918 854 2941 seu
887 2905 1109 2942 collationis
1142 2905 1383 2955 precedentis
1415 2905 1618 2955 premisse,
1641 2905 1690 2942 In
1722 2913 1755 2942 te
1778 2904 2000 2955 respiciunt

342 3036 370 3067 1.
403 3036 468 3069 Ms.
492 3038 573 3076 cite,
595 3038 655 3071 fol.
679 3039 721 3072 73
741 3043 784 3073 ΓΟ.

344 3091 371 3119 2.
407 3089 441 3120 Ιὶ.
467 3090 720 3125 N.,111s.1ntin
741 3093 924 3130 1464,f01.
945 3095 960 3125 1
981 3099 1024 3126 r0.

343 3146 369 3171 ::.
407 3142 442 3172 11.
468 3143 522 3177 λζ,
545 3155 609 3175 ms.
632 3145 724 3175 latin
746 3146 874 3185 11745,
895 3147 956 3179 fol.
978 3148 1047 3180 172
1066 3152 1108 3180 r0.
