2083 3458
61 261 213 316 [1028]
594 279 807 304 PAPARUM
845 281 1229 307 AVENiONENsmM
1667 265 1747 305 545

51 359 242 397 nimirum
268 360 377 409 quod
404 361 601 399 destinati
627 371 744 399 crant
770 363 856 411 ejus
888 364 1052 413 patrini.
1083 364 1261 401 Vocatus
1289 373 1428 402 autem
1465 364 1542 401 fuit
1573 364 1745 401 lx'arolus

48 425 89 456 et
113 426 208 468 post
232 426 394 468 patrem
420 420 609 469 regnavit
634 420 675 457 in
703 421 846 459 Gallia.
878 422 994 460 Nunc
1020 423 1232 460 redeamus
1260 423 1311 460 ad
1339 423 1587 461 cardinalem
1616 423 1745 461 Bello-

49 491 276 516 vacensem.

101 535 220 573 Anno
250 536 546 584 MCCCLXIX‚
578 538 640 575 die
670 539 847 576 secunda
880 539 1087 588 februarii,
1110 541 1267 589 accepit
1294 541 1447 590 pileum
1472 541 1645 578 rubeum
1674 555 1745 590 per

48 608 191 632 manus
220 595 424 633 Guillelmi
451 596 499 633 de
527 596 756 644 7Meleduno,
784 598 1077 648 archiepiscopi
1105 599 1359 637 senonensis.
1392 599 1503 637 Idem
1531 600 1743 637 continua-

48 652 140 690 tor1
172 669 179 691 :
211 654 320 701 Item,
349 654 382 691 le
408 655 611 704 vendredy,
638 655 729 704 jour
761 657 804 692 (le
839 658 877 693 la
904 657 1171 706 Purification
1202 658 1342 696 Nostra
1365 658 1502 706 Datne,
1531 674 1580 696 ou
1607 658 1663 695 dit
1691 673 1744 696 an

48 711 414 761 AWCCCLXVIIL
449 716 608 750 messire
646 714 872 751 Guillazeme
905 717 948 752 (le
980 716 1156 764 Maean,
1190 718 1267 753 [ονε
1298 732 1522 766 arcevesque
1554 718 1598 754 cle
1630 718 1741 765 Sem,

48 785 122 820 par
147 771 268 808 halles
291 772 344 809 (lu
365 787 470 822 pape
492 788 516 810 a
538 773 567 809 li
589 787 659 810 sm·
681 788 720 810 ce
742 774 929 821 ens’oz‘des,
946 776 1127 823 presenta
1151 784 1184 812 et
1211 776 1331 812 baill«.
1353 790 1405 812 (ιιι
1425 776 1481 813 (lit
1502 776 1684 813 cardinal
1699 777 1744 813 de

54 830 242 878 Beauves,
267 830 484 868 cliancelier
505 832 550 869 de
572 832 737 879 Franco,
762 833 794 868 le
812 833 950 881 cliapel
966 848 1095 881 rouge,
1120 848 1170 871 οιι
1186 835 1330 871 chastel
1350 835 1402 871 du
1421 835 1571 871 Louvre
1592 837 1743 884 empre's

54 889 187 936 Paris,
214 904 262 926 en
287 890 325 926 ία
350 892 530 939 presence
556 891 608 927 (ἰιι
633 905 701 940 rog]
727 891 901 938 Clu-ades,
929 895 1043 941 apres
1068 894 1106 929 la
1132 907 1264 935 messe,
1291 896 1441 942 empres
1466 894 1601 931 l'aulel
1625 895 1668 931 de
1704 895 1743 931 la

47 948 248 998 elzappelle
288 948 358 998 [du
389 949 449 986 dit
480 949 674 999 chastel].
709 950 904 997 Quamvis
937 965 1054 999 porro
1085 952 1148 989 hic
1178 960 1322 989 auctor
1350 952 1503 990 scribat
1532 961 1671 990 actum
1700 953 1741 990 id

48 1007 170 1045 fuisse
189 1021 296 1045 anno
317 1006 654 1056 MCCCLXVIII,
675 1017 833 1047 certum
852 1018 913 1047 est
932 1018 1070 1047 actum
1091 1025 1174 1047 esse
1193 1025 1300 1047 anno
1319 1012 1520 1060 sequenti.
1544 1011 1742 1049 Numerat

47 1066 153 1103 enim
169 1066 234 1105 ille
250 1080 378 1105 annos
396 1080 506 1105 more
524 1067 748 1115 Gallicano,
768 1082 848 1117 quo
865 1082 995 1105 annus
1012 1069 1236 1117 incipiebat
1252 1084 1273 1106 a
1293 1070 1504 1108 paschate.

102 1125 214 1162 [dem
230 1126 495 1164 continuator
513 1126 659 1176 Nangii
679 1125 694 1148 2
711 1127 830 1165 docet
847 1127 1096 1165 cardinalem
1110 1128 1442 1166 Bellovacensem
1459 1129 1580 1166 fuisse
1608 1129 1743 1167 adhuc

49 1184 209 1222 Parisiis
226 1199 334 1223 anno
352 1185 565 1223 millesimo
583 1186 836 1231 CCCLXIX,
855 1186 917 1223 die
935 1187 1109 1235 septima
1128 1187 1223 1224 maii
1240 1196 1280 1224 et
1297 1187 1360 1224 die
1378 1202 1466 1224 xxn
1484 1188 1739 1237 septembris.

49 1242 111 1279 Ex
128 1244 264 1281 codice
283 1258 377 1282 vero
397 1245 523 1282 veteri
542 1258 725 1282 camerae
744 1253 1034 1294 computorum
1053 1246 1177 1283 Paris.
1198 1254 1371 1295 apparet
1393 1246 1507 1283 illum
1531 1247 1741 1285 abdicasse

47 1301 290 1352 dignitatem
318 1303 546 1341 cancellarii
575 1304 768 1341 Franciae
794 1312 835 1341 et
861 1318 1055 1353 magnum
1081 1305 1257 1353 sigillum
1281 1305 1362 1353 regi
1388 1305 1609 1343 reddidisse
1635 1320 1742 1343 anno

47 1362 259 1400 millesimo
285 1362 537 1409 CCCLXXI,
564 1363 626 1400 die
653 1377 726 1399 xx1
752 1363 944 1401 februarii
965 1362 992 1401 3.
1022 1363 1138 1401 Unde
1164 1363 1295 1413 colligi
1320 1364 1442 1401 debet
1465 1378 1556 1401 eum
1582 1364 1742 1402 assidue

46 1422 156 1471 apud
173 1436 308 1472 regem
325 1421 447 1460 fuisse
464 1436 592 1472 usque
609 1423 661 1460 ad
677 1422 789 1460 illam
807 1423 915 1460 diem
932 1422 1140 1469 februarii,
1157 1423 1341 1472 adeoque
1360 1423 1574 1460 Urbanum
1592 1437 1740 1473 papam

46 1495 127 1519 11011
150 1480 298 1519 vidisse
320 1488 543 1531 postquam
563 1482 595 1519 is
618 1495 712 1520 eum
733 1481 886 1520 fecerat
908 1481 1170 1519 cardinalem.
1196 1482 1302 1519 Puto
1324 1490 1463 1520 autem
1485 1496 1577 1520 eum
1599 1483 1742 1520 statim

45 1554 85 1579 se
113 1541 333 1578 contulisse
360 1540 614 1579 Avenionem
642 1541 694 1578 ad
723 1541 963 1590 Gregorium
993 1541 1067 1587 XI,
1095 1549 1278 1579 recenter
1305 1542 1479 1580 electum
1510 1542 1742 1578 Romanum

48 1600 305 1643 Pontificem,
326 1600 377 1638 ab
397 1614 525 1649 eoque
545 1601 691 1638 datum.
711 1601 744 1639 ei
765 1601 887 1639 fuisse
906 1600 1077 1638 titulum
1098 1600 1343 1637 Sanctorum
1364 1602 1549 1649 Quatuor
1569 1601 1742 1638 Corona-

47 1667 196 1699 torum.
224 1660 390 1697 Etenim
415 1674 465 1698 ex
490 1660 600 1697 bulla
627 1659 812 1709 ejusdem
836 1660 1017 1709 Gregorii
1043 1659 1152 1697 edita
1179 1660 1289 1709 apud
1315 1660 1536 1698 Odoricum
1565 1659 1742 1707 Raynal-

48 1719 158 1766 dum,
185 1733 250 1758 an.
281 1719 394 1766 1371,
428 1720 444 1768 ἓ
473 1720 506 1765 1,
534 1727 707 1769 apparet
732 1720 848 1757 illum
874 1734 920 1757 eo
947 1720 1069 1756 titulo
1097 1727 1289 1757 ornatum
1316 1719 1438 1757 fuisse
1473 1733 1524 1756 vn
1563 1718 1625 1767 [9]
1652 1718 1741 1755 idus

48 1778 183 1816 martii
207 1777 328 1827 hujus
352 1779 462 1826 anni,
485 1780 526 1817 id
550 1787 624 1826 est,
650 1786 798 1828 quarto
823 1779 980 1816 decimo
1004 1786 1097 1827 post
1120 1778 1357 1816 abdicatam
1381 1778 1627 1827 dignitatem
1651 1791 1742 1814 can-

46 1838 207 1876 cellarii.

99 1897 203 1935 Tum
218 1912 311 1946 ergo
326 1913 527 1947 regressus
544 1907 605 1937 est
620 1898 660 1935 in
675 1898 851 1935 Galliam
865 1897 1091 1935 instructus
1108 1897 1357 1935 auctoritate
1372 1896 1497 1946 legati
1512 1896 1563 1933 ad
1580 1910 1742 1933 concor-

46 1957 156 1995 diam
178 1957 455 1995 revocandam
478 1958 585 1996 inter
608 1972 718 2006 reges
745 1957 996 1994 Francorum
1019 1964 1060 1995 et
1084 1956 1322 2005 Anglorum,
1351 1956 1410 1993 uti
1435 1970 1556 2005 supra
1586 1955 1743 1992 dictum

46 2024 106 2054 est
126 2031 164 2066 p.
189 2015 302 2064 1025,
326 2031 453 2066 quum
473 2030 683 2066 ageremus
705 2017 753 2054 de
776 2016 939 2054 Simone
960 2016 1008 2053 de
1031 2016 1254 2065 Langham.

100 2076 254 2114 Eodem
285 2089 406 2122 anno,
438 2090 530 2114 cum
559 2076 655 2114 urbs
686 2075 994 2125 Monspeliensis
1025 2082 1263 2124 quereretur
1291 2088 1330 2111 se
1361 2073 1643 2122 magnitudine
1673 2072 1742 2109 tri-

48 2136 242 2174 butorum
274 2135 462 2185 opprimi,
495 2136 747 2184 mittensque
778 2142 996 2184 propterca
1027 2134 1182 2183 legatos
1213 2133 1265 2170 ad
1300 2132 1498 2170 Karolum
1530 2132 1577 2179 V,
1609 2144 1741 2179 regem

51 2194 311 2242 Francorum,
334 2195 460 2233 etiam
482 2194 664 2244 Gregorii
687 2193 747 2231 XI
771 2207 889 2243 opem
921 2194 1032 2243 apud
1054 2206 1146 2230 eum
1166 2191 1438 2240 implorasset,
1460 2190 1674 2239 Gregorius
1701 2189 1740 2226 in

47 2267 186 2292 eorum
216 2255 391 2303 gratiam
420 2254 583 2304 scripsit
611 2253 663 2290 ad
693 2253 883 2290 eumdem
912 2266 1060 2301 regem,
1091 2251 1142 2288 ad
1173 2250 1428 2288 Ludovicum
1459 2250 1627 2287 fratrem
1656 2248 1741 2297 ejus

48 2313 193 2352 ducem
208 2314 618 2363 A11degavensem‚et
632 2312 683 2349 ad
698 2312 902 2350 ,Ioannem
917 2311 1166 2348 cardinalem
1180 2309 1291 2346 tituli
1306 2309 1550 2347 Sanctorum
1566 2315 1743 2356 quatuor

49 2373 358 2411 Coronatorum.
394 2372 506 2410 Inter
533 2372 689 2421 legatos
720 2385 816 2409 vero
847 2369 1207 2420 Monspeliensium
1236 2368 1474 2405 nominatur
1502 2367 1542 2403 in
1570 2365 1740 2416 epistola

49 2432 229 2483 Gregorii
252 2431 303 2469 ad
325 2445 460 2481 regem
487 2431 690 2469 Imbertus
716 2430 844 2477 Roch,
868 2429 1080 2467 habitator
1102 2428 1200 2465 dicti
1222 2427 1310 2465 loci.
1337 2426 1454 2474 Quod
1477 2426 1563 2463 heic
1586 2424 1740 2461 adnoto

94 2563 125 2595 1.
157 2562 310 2602 Ibidem,
335 2573 370 2604 p.
396 2562 451 2594 66.

94 2615 510 2711 }.{Jbtu{·elnp.p16703.——
532 2666 675 2699 Ancien
699 2672 836 2699 avocat
860 2677 907 2697 au
930 2665 1140 2709 parlement
1164 2664 1206 2695 de
1231 2662 1344 2701 Paris,
1366 2661 1462 2694 Jean
1487 2661 1529 2693 de
1556 2660 1741 2693 Dormans

47 2722 106 2754 fut
135 2721 343 2753 chancolier
373 2721 422 2752 du
455 2719 654 2763 Dauphine
684 2726 722 2752 et
753 2720 796 2752 de
830 2718 1057 2751 Normandie
1097 2728 1142 2749 en
1174 2716 1276 2755 1357,
1310 2715 1352 2747 dc
1383 2714 1522 2747 France
1551 2713 1680 2756 depuis
1708 2711 1738 2744 le

47 2774 91 2807 18
110 2785 209 2807 mars
229 2774 322 2807 1358
346 2771 534 2816 (Grandes
552 2773 763 2816 chroniques
782 2773 822 2805 de
840 2772 991 2810 anoe,
1012 2771 1068 2803 ed.
1092 2768 1329 2806 Delachenal⁷
1351 2773 1376 2800 t.
1396 2780 1420 2806 1,
1441 2778 1475 2810 p.
1497 2767 1583 2805 162;
1604 2765 1741 2798 Ordon-

48 2838 179 2860 nances
195 2828 253 2860 des
268 2828 341 2860 rois
357 2827 397 2859 de
412 2826 562 2865 France,
581 2832 606 2859 t.
623 2838 674 2865 111,
691 2837 726 2869 p.
745 2825 840 2868 212).
862 2825 890 2857 Il
907 2823 1059 2867 negocia
1074 2824 1109 2855 la
1125 2822 1211 2865 paix
1230 2822 1272 2853 de
1289 2820 1468 2863 Bretigny
1488 2817 1740 2862 (Delachenal,

47 2880 209 2913 Histoire
225 2881 265 2913 de
282 2880 429 2913 Charles
449 2879 490 2918 V,
510 2885 536 2912 t.
553 2891 590 2918 11,
609 2890 643 2922 p.
662 2879 749 2917 194;
768 2878 849 2911 voir
865 2877 963 2909 aussi
981 2883 1006 2909 t.
1024 2888 1047 2915 1,
1066 2887 1100 2919 p.
1119 2876 1188 2908 338
1205 2880 1242 2906 et
1259 2879 1284 2906 t.
1301 2886 1352 2913 111,
1371 2884 1405 2916 p.
1424 2872 1520 2915 170).
1540 2871 1614 2905 Son
1629 2882 1740 2904 sceau

48 2932 269 2966 cardinalicc
293 2944 313 2965 a
337 2934 395 2966 ete
419 2931 537 2965 decrit
559 2943 627 2975 par
650 2930 778 2964 Douet
801 2931 940 2973 d'Arcq
967 2929 1179 2972 (Collection
1204 2928 1244 2960 de
1265 2937 1405 2965 secunx,
1430 2932 1456 2959 t.
1479 2923 1532 2965 111,
1557 2936 1592 2957 n.
1618 2922 1738 2966 6189).

50 2986 78 3018 Il
101 2986 216 3019 fonda
238 2986 259 3018 a
282 2985 384 3018 Paris
405 2985 436 3017 le
459 2985 595 3027 college
618 2985 661 3017 de
684 2983 869 3016 Beauvais
892 2995 938 3015 ou
962 2983 1004 3014 de
1029 2982 1213 3014 Dormans
1237 2980 1329 3012 dont
1350 2979 1381 3011 le
1404 2977 1601 3011 cartulaire
1623 2976 1739 3009 existe

49 3040 70 3071 a
90 3039 126 3071 la
148 3039 188 3072 Β.
215 3039 272 3079 Ν.,
296 3050 331 3072 11.
356 3049 436 3082 aeq.
460 3037 575 3070 latine
598 3037 703 3070 1123.
728 3037 817 3070 Voir
838 3048 901 3068 sur
922 3035 1019 3068 Jean
1042 3035 1085 3067 de
1110 3033 1295 3066 Dormans
1317 3031 1487 3064 l’edition
1510 3031 1652 3063 donnee
1675 3040 1743 3073 par

52 3091 278 3125 Delachenal
299 3092 361 3124 des
388 3090 549 3124 Grandes
578 3090 789 3133 chroniques
810 3090 850 3122 de
870 3089 1010 3121 France
1033 3088 1071 3131 (t.
1092 3099 1143 3125 111,
1166 3098 1200 3129 p.
1224 3085 1304 3127 252)
1328 3090 1366 3117 et
1387 3083 1531 3117 Denifle
1551 3089 1589 3116 et
1610 3082 1743 3115 Chate-

47 3144 123 3177 lain
151 3142 457 3187 (Chartularium,
481 3149 508 3176 t.
531 3155 582 3183 111,
607 3154 641 3186 p.
667 3142 764 3185 721)-

660 3226 818 3248 BALUZE.
846 3217 892 3247 II.
914 3234 958 3237 —
979 3215 1021 3246 18
