2083 3458
70 198 193 252 [727]
595 212 811 237 PAPARUM
847 207 1229 236 AVENIONENSIUM
1668 190 1749 232 223

111 296 228 334 Anno
256 295 596 341 MCCCXXXVI,
624 295 875 332 Bertrandus
903 301 990 331 crat
1018 291 1218 331 Avenioni
1246 291 1410 340 quando
1440 289 1649 339 Philippus
1678 290 1747 336 Vl,

58 369 128 393 rex
147 355 353 401 Franciae,
370 354 464 391 illuc
481 354 686 403 profectus
699 362 760 391 est
776 354 827 391 ad
840 352 1054 390 visendum
1072 364 1222 401 papam
1238 349 1518 393 Benedictum,
1537 356 1577 386 et
1594 363 1683 385 cum
1703 364 1748 385 eo

55 428 174 451 cruce
193 413 377 463 signatus
397 420 458 450 est
478 413 529 449 ad
549 412 848 462 suscipiendam
869 410 1171 461 expeditionem
1190 409 1230 446 in
1250 416 1400 446 terram
1420 415 1618 454 sanctam,
1640 407 1748 456 quod

54 487 104 510 eo
126 487 234 510 anno
257 472 471 521 contigisse
495 479 652 508 certum
675 479 747 509 est.
775 472 905 518 Quare
930 477 1092 519 oportet
1115 467 1308 505 memoria
1331 468 1490 516 lapsum
1513 481 1596 504 esse
1624 466 1748 504 Frois·

56 539 215 569 sartum
237 530 280 580 [t.
298 546 340 578 11,
357 545 396 580 p.
418 530 506 579 116]
528 530 625 567 dum
644 530 749 567 inter
767 529 991 568 cardinales
1011 528 1079 577 qui
1098 535 1187 573 tum
1206 541 1321 564 cruce
1340 525 1488 574 signati
1514 533 1609 562 sunt
1638 525 1746 574 apud

59 590 311 628 Avenionem
335 597 628 627 commemorat
653 589 816 635 Album,
840 589 879 625 id
904 596 977 635 cst,
1002 586 1263 625 Guillelmum
1288 585 1413 631 Curti,
1438 584 1507 634 qui
1529 598 1637 621 anno
1659 591 1747 621 tan-

57 657 149 686 tum
167 648 540 687 MCCCXXXVIII
560 655 733 685 exeunte
753 648 885 685 factus
904 655 964 684 est
982 644 1209 684 cardinalis.

111 707 230 745 Anno
252 707 540 754 MCCCXLVI,
563 706 625 743 die
649 721 735 743 xxn
759 706 909 756 aprilis,
931 704 1118 742 interfuit
1137 703 1149 725 1
1173 703 1407 752 juramento
1435 702 1543 751 quod
1576 702 1748 739 Ix'arolus

59 767 239 805 marchio
260 766 478 811 Moraviae,
501 765 569 815 qui
600 765 648 802 de
675 765 843 814 imperio
873 778 1041 803 romano
1070 762 1291 812 cogitabat,
1322 761 1517 798 Clementi
1540 761 1594 797 Vl
1616 774 1748 810 praes-

57 825 148 863 titit
164 826 211 864 de
229 824 515 863 conservandis
535 824 693 874 juribus
719 824 919 861 Ecclesiae
936 836 1140 869 romanae,
1159 821 1354 858 Odoricus
1374 820 1625 868 Raynaldus,
1642 833 1749 856 anno

61 884 175 932 1346,
199 884 215 932 ξ
235 884 295 932 19,
314 884 375 922 26.

112 943 321 981 Mortuum
333 957 416 981 esse
427 942 703 980 Bertrandum
716 955 822 979 anno
836 941 1027 978 MCCCLI
1045 940 1093 989 [a.
1110 939 1176 988 st.]
1192 939 1310 976 docet
1322 937 1595 987 necrologium
1611 936 1748 975 Sancti

60 1002 282 1040 Salvatoris
309 1001 508 1052 Aquensis
534 1001 644 1051 apud
671 1001 873 1038 Joannem
900 999 1195 1037 Scholasticum
1222 998 1429 1035 pittonem
1454 996 1494 1034 in
1521 995 1749 1033 Annalibus

56 1061 253 1099 Ecclesiae
268 1060 478 1111 Aquensis,
495 1075 534 1110 p.
556 1059 628 1097 180
646 1075 652 1097 ;
670 1060 816 1096 Eodem
828 1059 888 1096 die
904 1059 1086 1096 dominus
1102 1057 1343 1094 Bertrandus
1354 1057 1397 1093 de
1410 1056 1569 1104 Pugeto,
1587 1054 1749 1092 diocesis

59 1119 323 1167 Caturcensis,
343 1119 550 1169 episcopus
570 1118 762 1156 Ostiensis
782 1117 998 1155 cardinalis
1016 1125 1049 1154 et
1068 1116 1279 1153 canonicus
1299 1114 1509 1164 Aquensis,
1530 1114 1627 1151 obiit
1644 1127 1749 1150 cinno

57 1179 223 1216 Domini
244 1178 472 1226 MCCCLI,
495 1178 561 1228 qui
582 1186 780 1215 vacantem
799 1177 911 1214 solvit
931 1190 1100 1226 cappam
1119 1183 1153 1212 et
1171 1174 1501 1212 anniversarium.
1524 1173 1749 1213 Confirmat

60 1238 164 1276 hanc
183 1238 445 1288 scriptionem
466 1237 698 1284 petrarcha,
718 1237 786 1274 lib.
810 1236 930 1283 XIII,
951 1236 1038 1273 Rer.
1057 1233 1263 1284 familiar„
1283 1233 1399 1283 epist.
1422 1248 1473 1280 vi,
1494 1232 1562 1269 ubi
1581 1232 1748 1281 loquens

65 1297 112 1335 dc
140 1297 282 1335 morbo
308 1312 388 1347 quo
414 1297 596 1335 Clemens
623 1296 679 1333 VI
705 1295 879 1333 afflictus
905 1303 966 1332 est
991 1308 1097 1331 anno
1125 1293 1331 1338 MCCCLI,
1358 1292 1415 1329 ait
1443 1307 1449 1329 :
1478 1292 1590 1341 Papa
1626 1298 1750 1327 noster

57 1371 84 1393 a
112 1364 228 1393 morte
253 1356 464 1403 revertitur,
492 1355 670 1405 quamvis
697 1355 888 1392 redeundo
914 1354 1042 1391 eodem
1067 1360 1254 1402 properet.
1283 1350 1475 1388 Ostiensis
1504 1358 1629 1387 autem
1658 1350 1750 1385 dum

61 1415 153 1452 haec
172 1415 245 1452 tibi
263 1415 468 1453 scriberem
488 1414 666 1452 animam
682 1414 832 1463 agebat,
853 1427 969 1463 quam
989 1413 1081 1449 dum
1107 1412 1199 1449 haec
1217 1412 1316 1459 leges
1335 1409 1587 1455 exhalaverit5
1609 1407 1688 1458 qui,
1713 1415 1751 1444 ut

58 1474 160 1512 mihi
191 1474 352 1522 videtur,
385 1482 539 1511 matura
568 1473 648 1523 sibi
679 1488 724 1510 ac
755 1481 930 1519 naturae,
962 1472 1028 1508 secl
1057 1471 1195 1508 acerba
1227 1470 1257 1507 I.
1292 1484 1329 1519 p.
1364 1476 1479 1506 morte
1510 1466 1748 1516 defungitur.

58 1532 219 1583 Scripta
235 1541 295 1572 est
309 1541 449 1571 autem
463 1533 634 1583 epistola
647 1532 714 1570 illa
732 1531 912 1569 kalendis
928 1530 1133 1569 februarii.
1160 1530 1282 1566 Porro
1306 1528 1553 1566 Clementem
1569 1534 1750 1564 extremo

57 1606 168 1630 anno
188 1592 381 1630 MCCCL‘I
408 1592 646 1641 gravissimo
668 1591 810 1629 morbo
837 1591 1034 1628 afflictum
1054 1589 1175 1626 fuisse
1194 1595 1310 1638 patet
1329 1601 1381 1624 ax
1400 1587 1610 1624 Matthaeo
1630 1584 1750 1621 Yilla-

62 1651 141 1698 nio,
157 1651 225 1690 lib.
246 1652 298 1699 II,
316 1665 403 1701 cap.
422 1665 489 1688 xL1
509 1650 734 1699 [Muratori,
751 1659 780 1688 t.
799 1665 883 1696 xw,
901 1649 972 1687 col.
992 1648 1096 1697 1311,
1114 1647 1287 1685 Odorico
1310 1646 1538 1695 Raynaldo,
1555 1658 1617 1682 an.
1637 1642 1749 1688 1351,

66 1710 83 1758 ἓ
101 1710 163 1758 38,
183 1718 223 1748 et
241 1710 476 1748 Abrahamo
492 1710 658 1757 Bzovio,
678 1724 743 1747 an.
765 1709 878 1756 1352,
904 1709 919 1756 ἓ
940 1709 974 1755 7,
994 1707 1062 1757 qui
1081 1707 1221 1744 scribit
1239 1706 1487 1743 Clementem
1506 1704 1557 1741 ab
1576 1702 1749 1750 aegritu-

58 1768 154 1807 dine
178 1769 414 1819 gravissima
439 1770 790 1807 convalescentem
814 1768 952 1806 fecisse
975 1782 1014 1804 lv
1040 1767 1117 1804 kal.
1143 1765 1335 1804 februarii
1361 1764 1424 1813 [29
1452 1763 1611 1813 janvier
1635 1761 1748 1809 1352]

64 1828 243 1875 Petrum,
263 1829 407 1866 Jacobi
424 1828 526 1877 regis
545 1828 800 1877 Arragonum
822 1827 962 1869 filium,
982 1826 1193 1863 certiorem
1212 1823 1457 1862 valetudinis
1475 1828 1748 1871 recuperatae.

64 1887 194 1924 Extat
220 1895 429 1937 praeterea
455 1888 497 1925 in
524 1887 689 1925 archivo
718 1886 856 1936 oppidi
885 1885 1037 1923 Falceti
1064 1885 1103 1922 in
1132 1883 1343 1922 Catalonia
1371 1882 1541 1932 epistola
1569 1880 1749 1929 ejusdcm

64 1946 172 1984 Petri
189 1947 240 1984 ad
258 1947 524 1984 Guillermum
542 1947 589 1984 de
606 1946 786 1984 Turrillis
804 1945 953 1995 scripta
971 1959 1077 1982 anno
1096 1943 1325 1989 MCCCLII,
1343 1942 1406 1979 die
1429 1941 1584 1978 decima
1608 1939 1750 1988 janua-

62 2005 123 2053 rii,
142 2005 257 2054 cujus
275 2006 349 2043 hoc
367 2013 428 2044 est
444 2005 607 2043 initium
627 2021 633 2043 :
653 2006 749 2042 Ecce
765 2005 866 2055 quod
882 2018 951 2041 nos
968 2003 1159 2041 mittimus
1176 2003 1219 2039 de
1236 2000 1404 2051 presenti
1429 2000 1575 2038 litteras
1601 2005 1751 2034 nostras

60 2064 221 2102 domino
242 2073 369 2102 nostro
389 2079 541 2102 summo
562 2064 764 2113 Pontifici,
786 2078 854 2113 per
874 2077 969 2113 quas
989 2062 1067 2100 sibi
1087 2061 1365 2110 significamus
1386 2060 1486 2109 quod
1505 2072 1591 2095 cum
1612 2055 1749 2104 displi-

60 2123 189 2160 centia
221 2124 436 2173 recepimus
467 2138 586 2173 super
619 2123 848 2173 infirmitate
881 2137 997 2172 qiiam
1031 2121 1131 2158 idem
1164 2120 1348 2157 dominus
1381 2126 1505 2155 noster
1538 2131 1641 2153 nunc
1670 2115 1750 2150 Deo

64 2182 235 2232 propitio
258 2197 401 2232 passus
421 2182 511 2232 suit.
538 2183 613 2220 Sect
635 2182 728 2232 quia
751 2190 846 2220 certo
870 2181 1082 2219 didicimus
1106 2180 1206 2229 quod
1227 2179 1352 2216 dictus
1375 2177 1557 2214 dominus
1581 2182 1705 2211 noster
1727 2187 1749 2208 a

60 2240 166 2278 dicta
197 2241 426 2290 infirmitate
457 2242 623 2292 quodam
654 2242 763 2279 modo
794 2240 1034 2285 convalescit,
1065 2239 1142 2288 suit
1174 2238 1275 2284 inde,
1304 2238 1412 2273 Deus
1443 2235 1559 2276 novit,
1591 2233 1750 2270 animus

62 2308 264 2338 recreatus.
286 2300 390 2338 Hinc
407 2315 499 2350 ergo
517 2309 633 2350 patet
650 2301 733 2338 falli
751 2299 1026 2338 Contelorium
1047 2297 1099 2348 [p.
1119 2297 1182 2346 28]
1210 2297 1453 2334 scribentem
1478 2291 1749 2330 Bertrandum

61 2358 209 2397 obiisse
230 2373 336 2397 anno
357 2359 573 2397 MCCCLII
593 2359 619 2397 ².

118 2418 180 2454 Ex
205 2418 440 2456 testimonio
467 2419 709 2456 Petrarchae
735 2417 866 2467 colligi
892 2425 1001 2454 certo
1027 2430 1143 2465 posse
1169 2414 1266 2451 mihi
1292 2413 1454 2450 videtur
1478 2408 1749 2448 Bertrandum

61 2476 209 2514 obiisse
231 2477 445 2525 Avenioni,
468 2485 514 2514 ut
536 2478 664 2515 tradit
686 2476 920 2527 Onuphrius
945 2474 1180 2519 Panvinius,
1205 2473 1272 2522 qui
1294 2471 1410 2508 addit
1432 2484 1522 2507 eum
1546 2468 1749 2517 sepultum

61 2550 147 2574 esse
170 2536 222 2572 ad
245 2536 419 2574 Minores
437 2535 464 2574 3.

112 2698 144 2731 1.
166 2699 332 2739 Zeumer,
354 2700 646 2739 Constitutiones‚
668 2706 694 2733 t.
717 2711 791 2739 vm,
813 2711 847 2732 n.
873 2698 989 2730 10-12.

113 2752 144 2784 2.
168 2752 197 2784 Il
216 2753 310 2786 etait
328 2765 458 2786 encore
478 2753 612 2786 vivant
629 2754 661 2785 le
680 2753 734 2785 1er
750 2751 885 2785 sevrier
903 2751 1007 2784 1352.
1030 2749 1233 2791 Petrarque
1253 2745 1407 2779 ecrivait
1427 2745 1447 2776 a
1466 2750 1562 2776 cette
1582 2742 1667 2774 date
1690 2753 1696 2773 :
1719 2740 1753 2772 Il

62 2805 247 2838 cardinale
261 2806 298 2839 di
312 2805 426 2846 Ostia,
443 2811 575 2839 mentre
591 2807 624 2839 io
638 2806 665 2839 ti
678 2806 803 2845 scr-ivo,
819 2809 874 2837 sta
890 2805 929 2837 in
943 2808 1055 2846 punto
1071 2802 1107 2834 di
1123 2805 1240 2839 morte,
1257 2811 1273 2832 e
1283 2799 1376 2841 jorse
1390 2797 1531 2840 quando
1546 2800 1584 2828 tu
1598 2794 1753 2837 leggerai'

63 2856 100 2889 la
124 2863 284 2900 presente
307 2870 393 2891 sara
419 2860 481 2902 gia
506 2863 615 2892 morto
645 2858 790 2901 (Lettere
813 2856 1029 2900 sarnigliari,
1059 2854 1154 2886 trad.
1184 2850 1402 2889 Fracasetti‚
1432 2849 1617 2887 Florence‚
1646 2846 1750 2886 1892,

65 2921 130 2948 xn,
160 2909 208 2954 6).
238 2911 424 2945 Bertrand
452 2918 606 2944 mourut
634 2912 679 2944 le⁴
695 2912 715 2944 3
754 2907 889 2944 sevrier
927 2909 1019 2941 1352
1057 2907 1202 2949 d'apres
1244 2904 1362 2936 Eubel
1395 2901 1636 2946 (Hierarchia,
1670 2906 1695 2932 t.
1726 2911 1748 2938 1,

65 2973 100 3005 p.
122 2963 195 3006 15).

113 3018 145 3050 3.
161 3015 211 3049 Le
226 3016 391 3050 cardinal
405 3017 455 3050 du
471 3017 614 3060 Pouget
628 3017 687 3049 sut
699 3016 852 3048 inhume
868 3015 959 3046 dans
974 3012 1108 3055 l'eglise
1122 3012 1172 3043 du
1195 3011 1405 3042 monastere
1427 3008 1470 3040 de
1492 3005 1738 3040 Saint-Marcc

65 3068 114 3100 du
132 3068 275 3113 Pouget
289 3069 400 3103 fonde
415 3082 483 3114 par
496 3069 547 3102 lui
566 3070 683 3113 (Albe,
699 3068 843 3101 Autour
856 3068 896 3100 de
910 3067 1006 3099 Jean
1021 3064 1156 3103 XXII,
1174 3070 1199 3096 t.
1215 3075 1238 3102 1,
1255 3074 1288 3106 p.
1306 3061 1401 3104 181).

713 3143 721 3162 t
