2083 3458
281 214 360 256 158
929 221 1080 247 NOTAE
1116 221 1176 245 AD
1211 219 1339 244 VITAs
1736 187 1739 192 Δ
1865 200 1990 255 [671]

278 312 500 362 reperimus
524 311 629 348 inter
653 307 822 346 schedas
846 304 1015 343 Arnaldi
1040 302 1253 342 Oihenarti
1273 302 1285 324 1
1311 317 1317 339 :
1343 301 1523 339 Ceterum
1545 315 1634 338 cum
1657 299 1842 338 dominus
1864 299 1992 337 cardi-

279 372 384 409 nalis
417 370 593 420 prefatus
627 368 678 405 ad
710 366 857 404 dictum
889 363 1160 402 Parisiensem
1192 369 1435 408 conventum,
1472 360 1514 398 in
1548 374 1633 410 quo,
1674 359 1777 397 sieut
1808 358 1991 406 asseruit,

279 432 465 468 educatus
491 428 615 466 extitit
640 435 673 464 et
698 433 911 476 promotus,
940 422 1074 460 merito
1101 421 1340 459 devotionem
1365 419 1546 457 habuerit
1571 428 1604 457 et
1629 419 1781 466 habeat,
1809 417 1992 467 assigna·

280 490 375 527 verit
400 498 433 527 et
459 486 659 526 donaverit
682 486 766 535 jam
792 492 846 521 est
872 483 942 520 diu
969 482 1074 519 mille
1103 482 1268 532 florenos
1294 480 1386 518 auri
1412 479 1456 516 de
1482 478 1686 517 Florentia
1721 492 1792 528 pro
1818 476 1993 514 emendis

279 548 498 587 redditibus
520 544 785 596 expendendis
810 542 917 591 infra
941 541 1075 591 ipsum
1097 547 1328 577 conventum
1352 539 1395 576 in
1416 538 1591 576 emendis
1614 536 1779 575 torticiis
1802 550 1873 586 pro
1896 537 1993 574 alta-

280 609 392 645 ribus
414 606 598 644 omnibus
621 618 690 654 que
710 611 803 640 sunt
825 601 933 650 infra
954 600 1145 638 dictorum
1165 598 1336 648 fratrum
1356 597 1557 640 eeclesiam
1579 598 1636 635 vel
1656 610 1777 647 prope
1798 604 1878 634 tam
1899 595 1994 633 aliis

281 681 395 717 qaam
423 665 578 714 majori,
605 672 680 701 etc.
711 661 826 710 Quod
853 668 993 698 autem
1018 659 1077 696 ait
1101 673 1141 697 se
1166 665 1405 708 promotum
1430 657 1552 695 fuisse
1577 656 1619 694 in
1644 663 1853 694 conventu
1883 654 1993 693 Pari-

280 726 415 772 siensi,
434 724 545 762 istud
562 724 620 761 ita
638 720 951 770 intelligendum
968 726 1030 757 est
1046 726 1094 755 ut
1112 717 1273 755 dicatur
1290 724 1504 767 promotus
1524 716 1575 754 ad
1594 715 1842 765 dignitatem
1859 714 1994 754 bacal-

281 785 370 823 larii
399 792 439 822 et
466 782 651 832 magistri
679 779 931 829 theologicae
955 777 1168 815 facultatis
1196 791 1243 815 eo
1271 784 1456 826 tempore
1486 790 1566 825 quo
1592 775 1768 825 degebat
1790 774 1832 811 in
1851 773 1995 812 eodem

283 851 503 890 conventu,
533 856 640 879 anno
674 839 868 877 nimirum
893 837 1052 875 MCCCI
1078 837 1212 874 factus
1247 835 1505 882 bacallarius,
1531 849 1639 872 anno
1673 848 1770 872 vero
1795 832 1995 871 MCCCIV

283 902 530 948 licentiatus,
555 909 602 938 ut
627 900 746 937 docet
768 897 1000 936 Bernardus
1026 895 1224 934 Guidonis
1244 896 1270 933 2.
1295 895 1414 932 Anno
1438 894 1599 932 MCCCI
1622 894 1664 931 in
1686 892 1824 943 vigilia
1848 892 1995 930 beatae

282 962 434 1000 Mariae
460 960 725 1010 Magdalenae
754 958 816 1009 [21
841 956 989 1006 juillet]
1018 956 1169 994 electus
1194 963 1256 993 est
1280 954 1389 1004 prior
1422 953 1684 1004 provincialis
1717 952 1760 990 in
1783 951 1996 1002 provincia

284 1020 524 1059 Provinciae
559 1033 581 1056 a
614 1017 803 1068 patribus
840 1016 909 1066 qui
943 1023 1035 1052 tum
1069 1014 1181 1065 apud
1215 1013 1432 1063 Agermum
1462 1013 1728 1051 celebrabant
1767 1011 1997 1061 capitulum

281 1079 545 1131 provinciale.
573 1078 626 1115 Et
650 1091 743 1114 cum
765 1076 807 1113 in
830 1075 1012 1125 capitulo
1036 1073 1216 1124 generali
1237 1073 1456 1111 Bisuntino
1479 1072 1623 1110 habito
1656 1086 1764 1109 anno
1788 1070 1997 1109 MCCCIII

284 1154 330 1178 ea
348 1138 559 1189 provincia
579 1137 710 1174 divisa
729 1135 874 1173 fuisset
892 1135 934 1172 in
953 1134 1068 1182 duas,
1085 1133 1128 1171 in
1146 1133 1394 1170 Tolosanam
1412 1131 1607 1169 nimirum
1626 1139 1667 1169 et
1684 1129 1997 1177 provincialem,

286 1199 524 1237 Guillelmus
542 1196 621 1234 fu'it
638 1196 771 1234 factus
788 1194 898 1245 prior
913 1192 1175 1244 provincialis
1192 1206 1323 1230 novae
1340 1190 1589 1242 provinciae,
1606 1190 1648 1228 id
1663 1198 1738 1238 est,
1756 1190 1996 1228 Tolosanae.

287 1259 375 1306 Qua
406 1263 669 1307 tempestate,
703 1268 796 1292 cum
827 1253 1041 1303 Philippus
1081 1266 1153 1290 rex
1186 1252 1437 1289 Francorum
1468 1258 1574 1288 esset
1614 1250 1798 1297 Tolosae,
1829 1248 1998 1298 jamque

285 1318 411 1355 frater
434 1315 667 1354 Bernardus
695 1313 882 1352 Delitiosi
908 1312 1101 1350 Minorita
1128 1311 1311 1361 querelas
1337 1310 1554 1348 nonnullas
1581 1309 1802 1347 adversum
1827 1323 1867 1346 se
1893 1307 1999 1346 exci-

283 1384 428 1423 tasset,
451 1375 690 1413 Guillelmus
718 1373 795 1411 iste
817 1372 972 1410 bonum
993 1371 1028 1409 ei
1056 1370 1343 1409 testimonium
1362 1369 1568 1420 praebuit,
1590 1377 1637 1406 ut
1661 1369 1747 1418 ipse
1764 1367 1999 1406 Bernardus

284 1436 345 1473 ait
360 1435 401 1472 in
417 1434 518 1473 actis
536 1447 746 1483 processus
764 1432 824 1470 sui
840 1431 855 1454 3
873 1447 879 1469 ι
902 1431 999 1469 Item
1025 1430 1126 1468 discit
1141 1430 1242 1480 quod
1258 1429 1489 1466 reverendus
1504 1437 1614 1478 pater
1629 1427 1815 1465 dominus
1837 1426 1999 1464 Guillel-

285 1509 374 1532 mus
393 1494 501 1532 Petri
518 1508 623 1530 nune
641 1492 851 1542 episeopus
871 1490 1121 1537 Sabinensis,
1137 1498 1228 1527 tunc
1241 1503 1326 1526 vero
1341 1487 1724 1538 priorprovincialis
1739 1487 1781 1524 in
1793 1486 2001 1537 provincia

290 1554 499 1600 Tolosana,
533 1552 634 1589 disrit
668 1551 803 1589 Tolose
836 1550 879 1587 in
909 1549 1108 1600 presentia
1139 1549 1239 1586 clare
1272 1547 1454 1585 memorie
1486 1547 1638 1584 domini
1670 1545 1859 1596 Philippi
1897 1545 2001 1595 regis

288 1613 457 1652 Francie
478 1620 512 1649 et
526 1612 718 1649 dictorum
737 1609 1020 1660 inquisitorum
1038 1617 1071 1646 et
1090 1609 1302 1646 multorum
1319 1607 1491 1645 aliorum
1507 1606 1678 1655 fratrum
1702 1605 2001 1643 Predieatorum

287 1681 321 1710 et
343 1671 521 1722 plurium
540 1670 658 1708 etiam
680 1670 920 1720 prelatorum
943 1677 976 1706 et
1002 1668 1193 1705 baronum
1215 1675 1249 1705 et
1270 1667 1442 1705 aliorum
1465 1665 1681 1704 valentium
1704 1665 1878 1702 virorum
1901 1664 2002 1715 quod

289 1731 381 1769 dicti
417 1730 668 1780 inquisitores
700 1737 735 1766 et
767 1729 858 1766 ordo
890 1728 1189 1765 Predieatorum
1217 1726 1320 1764 nihil
1351 1725 1548 1763 habebant
1580 1725 1728 1775 querele
1761 1725 1818 1762 vel
1851 1723 2001 1774 injurie

289 1799 421 1828 contra
449 1790 627 1827 eumdem
654 1788 815 1838 fratrem
843 1787 1107 1833 Bernardum,
1139 1786 1216 1823 imo
1241 1800 1331 1823 eum
1362 1785 1506 1822 bonum
1534 1784 1765 1833 religiosum
1792 1792 1826 1821 et
1857 1783 2002 1821 bonum

289 1850 521 1887 catholicum
537 1848 784 1898 reputabant.
801 1847 855 1884 Et
876 1855 1017 1884 tamen
1036 1860 1129 1884 eum
1155 1846 1265 1883 idem
1288 1844 1521 1883 Bernardus
1541 1851 1780 1893 suspectum
1803 1843 1999 1881 habebat.

292 1910 397 1946 Nam
422 1909 464 1945 in
489 1908 633 1946 iisdem
663 1907 764 1945 actis
780 1907 797 1929 4
820 1906 969 1956 legitur
994 1906 1110 1943 illum
1131 1905 1307 1943 noluisse
1334 1903 1579 1954 respondere
1606 1917 1727 1952 super
1754 1917 1876 1940 xxxn
1904 1901 2000 1940 arti-

291 1969 380 2006 culo
403 1967 714 2005 accusationum
736 1981 781 2003 ecc
802 1980 843 2003 eo
859 1965 960 2015 quod
980 1965 1094 2002 habet
1116 1964 1159 2001 in
1185 1964 1297 2001 curia
1319 1963 1472 2000 domini
1494 1976 1598 2012 pape
1620 1970 1753 1999 contra
1774 1976 1813 1999 se
1836 1970 2002 2011 quatuor

290 2027 524 2073 cardinales,
541 2026 716 2063 videlicet
733 2025 912 2062 dominos
926 2024 1191 2071 Hostiensem,
1208 2023 1481 2069 Sabinensem,
1510 2030 1544 2059 et
1561 2022 1768 2058 dominum
1787 2020 2002 2058 Nicolaum

291 2086 531 2123 cardinalem
558 2085 752 2123 Gallicum
774 2093 808 2122 et
822 2084 1027 2121 dominum
1047 2083 1216 2121 Vitalem
1236 2082 1490 2120 cardinalem.
1514 2080 1698 2119 Praefuit
1719 2095 1812 2130 ergo
1836 2079 2002 2130 provin-

293 2146 375 2183 ciae
400 2145 624 2182 Tolosanae
644 2160 667 2182 a
689 2144 784 2193 festo
809 2145 937 2181 sancti
960 2142 1174 2180 Michaelis
1199 2156 1319 2192 usque
1341 2142 1393 2178 ad
1414 2155 1577 2190 sequens
1599 2140 1742 2189 festum
1769 2139 2001 2186 Trinitatis3

290 2205 441 2253 fuitque
454 2204 656 2241 absolutus
686 2204 728 2240 in
743 2202 918 2252 sequenti
938 2202 1111 2251 generali
1135 2201 1309 2251 capitulo
1328 2200 1570 2238 Tolosanoin
1585 2199 1756 2236 crastino
1775 2198 2001 2246 Trinitatis,

286 2264 433 2301 scilicet
459 2263 572 2300 VIII
591 2263 667 2300 Isal.
689 2262 812 2311 junii,
833 2261 990 2310 infesto
1009 2261 1137 2298 sancti
1164 2260 1320 2298 Urbani
1341 2274 1445 2309 pape
1465 2273 1570 2296 anno
1588 2258 1757 2295 Domini
1779 2257 2004 2295 MCCCIV

289 2331 321 2360 et
350 2323 495 2359 missus
521 2322 600 2370 fuit
628 2322 717 2358 inde
745 2321 933 2358 Parisius
961 2321 1082 2370 paulo
1109 2328 1196 2370 post
1223 2319 1445 2369 capitulum
1473 2318 1649 2367 generale
1676 2332 1747 2367 pro
1776 2316 2006 2366 magisterio⁴

290 2382 474 2430 theologie
498 2390 757 2431 presentatus,
783 2388 829 2417 ut
862 2380 920 2417 ait
950 2379 1183 2417 Bernardus
1215 2378 1412 2417 Guidonis
1432 2378 1459 2416 5.
1485 2377 1604 2414 Anno
1629 2376 1842 2424 MCCCVI,
1868 2376 2002 2414 factus

290 2449 351 2478 est
377 2441 503 2478 lector
530 2440 631 2477 sacri
659 2439 803 2489 palatii
830 2438 1140 2486 Avenionensis,
1169 2438 1239 2475 ubi
1264 2438 1362 2487 legit
1389 2436 1639 2486 theologiam
1665 2450 1735 2485 per
1762 2450 1832 2474 sex
1859 2449 2002 2484 annos,

291 2508 336 2536 ut
354 2499 459 2537 idem
477 2499 709 2536 Bernardus
727 2506 906 2536 testatur
925 2499 950 2536 6.
975 2498 1143 2535 Interim
1161 2512 1256 2535 vero
1274 2497 1408 2535 factus
1426 2504 1488 2534 est
1506 2495 1738 2545 capellanus
1757 2509 1902 2545 papae,
1922 2509 2002 2545 qua

291 2558 491 2605 (lignitate
516 2573 609 2595 eum
633 2566 825 2595 ornatum
858 2557 980 2594 fuisse
1015 2557 1164 2594 docent
1187 2556 1324 2594 variae
1358 2555 1554 2606 epistolae
1579 2554 1797 2592 Clementis
1822 2554 1856 2591 V
1881 2554 2003 2593 datae

292 2632 399 2654 anno
429 2625 576 2666 quarto
606 2625 645 2655 et
674 2616 850 2666 septimo
879 2616 1148 2665 pontificatus
1178 2616 1265 2665 ejus
1286 2617 1311 2654 7.

346 2778 371 2809 1.
404 2778 442 2810 H.
466 2778 522 2813 N„
543 2789 609 2810 ms.
632 2778 767 2810 Baluze
788 2777 869 2817 208,
890 2778 913 2810 f.
935 2778 1003 2810 324
1023 2781 1066 2810 r0.

344 2833 372 2862 2.
402 2830 547 2870 Archiv,
569 2837 594 2863 t.
614 2844 650 2867 11,
672 2843 706 2873 p.
729 2831 807 2863 212.

342 2886 372 2914 13.
408 2884 443 2915 13.
471 2884 525 2922 N.,
550 2896 616 2916 ms.
640 2884 734 2916 latin
756 2883 862 2923 4270,
885 2884 909 2917 f.
934 2885 977 2917 83
1001 2887 1051 2917 v0.

346 2937 373 2968 1,
409 2937 443 2968 Ιῖ.
471 2937 526 2975 N„
551 2949 616 2969 ms.
641 2937 735 2969 latin
758 2937 863 2975 4270,
887 2937 911 2969 f.
936 2938 979 2970 83
1003 2940 1053 2970 v0.

347 2990 373 3020 ἰ.
405 2989 600 3025 'l'oulouscv
624 3002 689 3022 nis.
714 2990 794 3029 490,
817 2991 841 3022 s.
864 2991 905 3022 71
929 2993 979 3022 νο.

345 3044 374 3073 l).
394 3042 538 3079 ,mim
561 3049 583 3075 1.
602 3055 637 3077 ιι,
658 3055 690 3085 p.
712 3044 791 3077 212.
811 3043 891 3075 voir
908 3043 1006 3075 aussi
1025 3043 1184 3075 Clement
1204 3042 1245 3081 V,
1264 3041 1489 3084 Appendice,
1510 3052 1544 3084 p.
1564 3041 1620 3073 96.

350 3110 374 3126 ι.
406 3095 553 3134 Babae,
575 3102 599 3127 t.
621 3108 670 3133 111,
693 3108 725 3139 p.
748 3097 828 3135 102,
850 3097 930 3135 105,
952 3097 1032 3135 107,
1054 3096 1135 3135 113,
1158 3096 1236 3127 145.
