2083 3458
281 231 363 272 ‘250
934 244 1084 269 NOTAE
1120 244 1180 268 AD
1215 243 1343 268 VITAs
1868 227 1998 283 [749]

281 340 342 370 ret
364 331 402 368 in
428 330 629 380 quosdam
652 329 858 367 maleficos
883 328 950 378 qui
981 327 1223 378 pontificem
1245 334 1286 365 et
1309 326 1535 365 cardinales
1557 341 1715 365 veneno
1747 328 1888 366 tollere
1909 335 2000 366 ten-

282 397 475 428 taverant
499 389 621 438 inque
647 402 788 427 eorum
813 387 945 425 vitam
971 386 1330 436 conspiraverant3
1348 385 1513 425 Odoric.
1542 386 1762 436 Raynald.‚
1789 400 1854 426 an.
1883 386 2002 434 1317,

288 450 304 498 ἓ
327 449 388 496 52,
413 448 474 486 53.
501 447 748 485 Existimavi
773 447 996 496 quondam,
1019 453 1067 483 ut
1087 445 1129 482 id
1147 458 1310 495 quoque
1331 445 1464 483 obiter
1482 445 1630 492 dicam,
1652 459 1829 484 errorem
1851 460 1936 485 esse
1957 445 2010 484 in>

283 508 444 546 nomine
466 507 588 557 hujus
610 506 862 553 seneschalli,
886 505 980 555 quia
1001 504 1043 542 in
1062 504 1166 542 libro
1188 503 1359 542 Arnaldi
1381 504 1601 544 Camerarii
1620 505 1634 527 1
1654 504 1850 543 videbam
1871 505 1998 543 domi·

286 581 381 605 num
399 566 625 604 Arnaldum
643 564 792 603 Detian
810 564 932 602 fuisse
948 563 1265 602 mareschallum
1281 563 1437 602 domini
1452 577 1584 614 papae
1601 572 1642 602 et
1657 572 1858 603 rectorem
1874 565 2002 603 comi-⁷

284 634 395 664 tatus
424 624 663 674 Veneyssini
692 638 799 661 anno
828 622 1129 670 MCCCXXIV,
1158 636 1296 661 mense
1324 623 1552 662 novembri.
1587 624 1707 661 Illum
1734 637 1831 662 vero
1860 623 1997 662 existi-

284 685 449 722 mabam
484 692 620 722 ortum
653 698 736 721 esse
771 697 821 721 ex
854 682 1010 720 familia
1045 681 1346 720 Joannensium
1379 682 1713 730 Cadurcensium,
1748 691 1789 721 et
1823 682 1874 721 ob
1908 696 1998 722 eam

285 757 449 782 causam
475 742 713 793 suspicabar
736 741 1019 791 reponendum
1045 755 1129 779 esse
1153 741 1195 778 in
1220 741 1296 780 hoc
1320 741 1409 780 loco
1433 755 1583 780 nomen
1609 741 1780 780 Arnaldi
1805 742 1854 780 de
1880 742 1997 781 Jean.

284 803 435 841 Verum
460 809 603 852 postea
629 801 905 839 animadverti
930 801 972 838 in
997 800 1160 849 Regesto
1183 800 1229 839 B.
1257 800 1546 840 seneschalliae
1573 801 1813 849 Tolosanae‚
1840 801 1909 840 fol.
1938 801 2005 848 12,

285 871 422 900 extare
443 862 580 899 literas
603 861 721 898 datas
743 859 914 909 Agenni,
937 859 1000 898 die
1020 859 1152 910 prima
1175 859 1367 908 octobris,
1389 874 1497 911 anno
1519 859 1685 898 Domini
1707 860 2003 908 MCCCXLVI,

282 921 324 958 in
342 921 488 970 quibus
508 919 746 957 nominatur
762 918 943 968 egregius
961 918 1021 956 vir
1037 919 1245 957 Arnaldus
1262 919 1307 956 de
1326 919 1507 957 Trianno
1524 919 1732 957 vicecomes
1749 920 1793 957 de
1813 920 2000 967 Talardo‚

284 980 542 1028 dominusque
577 978 803 1016 Castrinovi
839 978 1212 1017 Montismirabilis.
1253 979 1300 1016 In
1334 978 1576 1017 membrana
1604 993 1701 1017 vero
1732 979 1860 1018 veteri
1895 993 2005 1030 quae

283 1046 570 1088 tegumentum
596 1046 658 1076 est
683 1037 832 1076 codicis
858 1035 963 1075 1524
985 1037 1260 1076 bibliothecae
1287 1037 1546 1076 Colbertinae
1566 1038 1580 1060 ‘²
1604 1037 1760 1089 reperio
1787 1038 2001 1076 dominum

284 1097 511 1135 Arnaldum
532 1097 579 1136 de
599 1096 722 1134 Trian
741 1096 915 1135 militem
934 1096 1058 1135 fuisse
1081 1096 1296 1135 dominum
1314 1097 1438 1136 castri
1457 1097 1505 1136 de
1526 1097 1743 1136 Creiohaco
1762 1097 1804 1135 in
1827 1097 2004 1137 dioecesi

285 1156 543 1195 Cadurcensi.
571 1156 634 1193 Ex
659 1170 739 1205 quo
763 1170 846 1193 non
870 1156 1046 1195 absurde
1072 1155 1207 1206 colligi
1228 1164 1368 1206 potest
1393 1170 1487 1195 eum
1512 1157 1581 1207 qui
1606 1157 1686 1195 fuit
1711 1165 2006 1196 conterraneus

283 1230 415 1266 papae
441 1215 611 1253 Joannis
639 1215 768 1252 XXII
793 1223 835 1253 et
858 1215 910 1253 ab
936 1230 981 1254 eo
1007 1215 1260 1254 constitutus
1284 1224 1418 1254 rector
1443 1216 1665 1254 comitatus
1688 1216 1931 1266 Veneyssini
1955 1230 2002 1254 ac

284 1275 556 1313 seneschallus
592 1274 725 1312 curiae
762 1275 989 1322 Romanae,
1023 1275 1147 1313 fuisse
1189 1275 1316 1313 etiam
1349 1275 1436 1325 ejus
1482 1275 1845 1326 consanguineum.
1884 1275 2003 1326 Quod

283 1347 427 1372 verum
451 1342 524 1372 est.
553 1333 719 1371 Etenim
743 1333 941 1372 Odoricus
969 1334 1225 1383 Raynaldus,
1251 1348 1315 1373 an.
1344 1334 1458 1382 1334,
1491 1334 1507 1383 ἓ
1532 1334 1594 1383 40,
1622 1335 1741 1373 docet
1766 1349 1816 1373 ex
1840 1335 2002 1385 Reges-to

283 1393 494 1431 Benedicti
526 1393 611 1430 XII
641 1394 749 1431 hunc
779 1393 1021 1441 Arnaldum,
1054 1407 1176 1443 quem
1205 1408 1276 1444 per
1305 1408 1483 1432 errorem
1520 1402 1641 1433 vocat
1677 1394 1725 1433 de
1759 1394 2000 1442 Caesianno,

286 1452 407 1491 fuisse
432 1452 602 1489 Joannis
628 1452 757 1489 XXII
774 1460 986 1502 nepotem3
1005 1453 1115 1503 quod
1133 1453 1260 1491 etiam
1276 1453 1480 1491 traditur-“³
1494 1453 1534 1490 in
1551 1453 1672 1491 Libro
1687 1453 1805 1491 rubeo
1828 1467 2008 1491 camerae

286 1519 556 1561 computorum
583 1512 731 1559 Paris„
760 1511 828 1551 fol.
859 1512 948 1559 571,
978 1520 1019 1550 et
1047 1526 1069 1550 a
1098 1511 1266 1551 Nicolao
1296 1512 1460 1551 Chorier
1487 1512 1527 1550 in
1556 1521 1670 1551 tomo
1698 1513 1877 1552 secundo
1904 1512 2002 1551 His-

286 1571 406 1608 toriae
424 1570 705 1620 Delplzinatzw,
728 1585 765 1620 p.
792 1570 880 1619 279,
904 1571 974 1609 ubi
997 1586 1068 1621 per
1090 1585 1267 1610 errorem
1288 1580 1462 1628 vocatur
1485 1572 1689 1610 Arnaldus
1713 1572 1762 1611 de
1784 1571 2003 1622 Tyrannis.

288 1630 405 1668 Unde
437 1629 563 1667 etiam
595 1630 780 1679 sequitur
811 1630 1062 1668 mutandum
1092 1645 1174 1668 non
1207 1645 1291 1670 esse
1324 1631 1410 1681 ejus
1442 1645 1593 1669 nomen
1623 1631 1665 1669 in
1695 1631 1799 1670 libro
1831 1631 2005 1669 Arnaldi·

287 1689 519 1737 Camerarii,
546 1689 615 1727 sed
639 1689 719 1727 levi
753 1690 1041 1728 emendatione
1065 1690 1313 1739 juvandum,
1338 1690 1397 1728 ita
1421 1699 1469 1728 ut
1501 1705 1575 1741 pro
1597 1691 1745 1728 Detz'an
1778 1698 2003 1742 reponatur

283 1748 342 1784 De
374 1748 511 1787 Trian.
544 1748 749 1786 Eumdem
778 1757 919 1787 autem
948 1757 1039 1786 tum
1068 1749 1191 1788 fuisse
1222 1750 1539 1788 mareschallum
1577 1758 1741 1788 constat
1772 1750 1842 1800 qui
1870 1764 2002 1789 senes-

289 1808 442 1845 challus
476 1822 639 1858 quoque
675 1807 809 1846 curiae
853 1809 1066 1847 Romanae
1105 1808 1317 1848 interdum
1360 1808 1586 1848 dicebatur.
1631 1809 1737 1847 Nam
1772 1808 1842 1861 qui
1882 1809 2009 1848 isthic

288 1867 561 1905 seneschallus
590 1866 753 1915 dicitur,
781 1868 1073 1906 mareschallus
1101 1867 1257 1906 domini
1288 1882 1421 1919 papae
1450 1877 1625 1907 vocatur
1652 1868 1693 1906 in
1722 1869 1886 1918 Regesto
1934 1883 2003 1906 LXI

291 1924 377 1974 [JJ.
399 1924 471 1976 61]
505 1926 659 1964 archivi
695 1927 793 1976 regii
831 1927 973 1974 Paris,
1010 1941 1097 1977 cap.
1139 1942 1297 1976 CCCLVI,
1333 1928 1404 1966 ubi
1438 1928 1542 1966 vitio
1581 1928 1790 1978 scriptoris
1827 1935 2002 1967 vocatur

288 1985 492 2023 Arnaldus
519 1985 567 2023 de
596 1985 765 2023 Cerano.
791 1985 868 2024 Sed
889 1986 999 2024 idem
1021 1995 1163 2025 tamen
1179 1986 1220 2024 in
1244 1987 1366 2040 Libro
1390 1987 1507 2025 rubeo
1533 2000 1708 2025 camerae
1732 1995 2005 2038 computorum

288 2043 418 2081 Paris.
462 2044 699 2082 nominatur
723 2045 928 2083 Arnaldus
965 2046 1013 2084 de
1037 2046 1230 2094 Trianno,
1256 2054 1297 2085 et
1328 2046 1424 2094 illic,
1457 2055 1505 2084 ut
1538 2046 1635 2094 dixi,
1660 2055 1836 2085 vocatur
1870 2060 2007 2097 papae

290 2117 428 2152 nepos.

342 2162 570 2199 Arnaldum
587 2177 708 2212 porro
723 2178 803 2201 non
823 2163 946 2202 fuisse
964 2179 1058 2203 vere
1075 2172 1269 2215 nepotem
1283 2179 1429 2216 papae,
1446 2165 1517 2205 sed
1533 2165 1628 2215 quia
1645 2165 1818 2203 Mariam
1835 2172 2003 2215 neptem

290 2220 376 2269 ejus
401 2221 791 2269 habebat-uxorem,
818 2223 950 2272 colligi
975 2237 1092 2273 posse
1116 2223 1283 2262 videtur
1306 2238 1357 2263 ex
1379 2224 1483 2262 libro
1501 2224 1700 2262 Bernardi
1725 2224 1924 2263 Guidonis
1945 2224 2010 2262 De

292 2280 370 2317 wita
399 2280 525 2317 sancti
560 2280 730 2318 Thomae
760 2282 979 2331 Aquinatis
1010 2282 1120 2320 edita
1150 2283 1189 2321 in
1231 2291 1345 2321 tomo
1389 2283 1521 2333 primo
1561 2284 1699 2322 martii
1728 2283 2008 2331 Bollandiani,

290 2352 327 2388 p.
354 2338 440 2385 721,
462 2339 533 2377 ubi
554 2340 716 2377 domina
737 2340 878 2378 Maria
900 2355 996 2378 uxor
1017 2341 1169 2379 domim·
1190 2341 1364 2380 Arnaldi
1386 2342 1536 2380 dicitur
1558 2342 1686 2393 neptis
1707 2343 1855 2380 summi
1874 2342 2004 2393 ponti-

294 2397 379 2445 ficis
401 2412 445 2434 ew
466 2412 605 2437 sorore.
631 2399 707 2437 Per
728 2407 996 2438 transennam
1019 2408 1160 2439 autem
1182 2401 1393 2439 adnotabo
1417 2409 1654 2451 corruptam
1678 2416 1762 2440 esse
1783 2402 1826 2440 in
1848 2416 1893 2440 eo
1915 2402 2008 2440 loco·

293 2457 423 2493 vitam
440 2456 551 2494 illam
570 2466 610 2496 et
627 2472 700 2508 pro
718 2459 908 2509 episcopo
927 2459 1185 2497 Canturiensi
1202 2460 1485 2511 reponendum
1503 2475 1587 2498 esse
1606 2461 1844 2511 episcopum
1862 2460 2004 2498 Catur-

294 2529 464 2553 censem.
490 2516 594 2552 Tum
616 2517 723 2555 enim
746 2517 985 2556 Guillelmus
1008 2519 1056 2557 de
1078 2519 1116 2556 la
1136 2519 1256 2566 Broa,
1280 2519 1431 2557 ordinis
1453 2519 1629 2557 fratrum
1653 2519 2008 2567 praedicatorum,

298 2574 462 2611 tenebat
482 2575 721 2613 cathedram
740 2576 1050 2616 Cadurcensem.
1069 2577 1147 2616 Sed
1165 2586 1212 2616 ut
1230 2578 1282 2616 ad
1300 2577 1529 2616 Arnaldum
1546 2579 1761 2616 redeamus
1779 2593 1830 2617 ex
1843 2578 2008 2628 Regesto

313 2633 465 2670 {oberti
484 2634 586 2683 regis
607 2634 777 2683 Siciliae,
799 2637 909 2685 quod
929 2644 1046 2674 extat
1063 2636 1105 2674 in
1124 2636 1373 2675 bibliotheca
1393 2637 1515 2687 regia,
1536 2637 1728 2675 discimus
1747 2637 1863 2676 illum
1883 2638 2005 2676 fuisse

299 2692 537 2739 mag-istrum
570 2693 782 2730 ostiarium
815 2695 999 2744 ejusdem
1030 2695 1133 2745 regis
1166 2695 1271 2734 circa
1303 2710 1458 2733 annum
1490 2696 1755 2745 MCCCXIII,
1789 2705 1830 2735 et
1860 2704 2004 2747 postea

298 2751 496 2787 donatum
516 2751 566 2788 ab
584 2751 652 2789 illo
672 2753 793 2791 fuisse
814 2754 981 2792 civitate
1001 2754 1147 2793 Alifiae
1166 2768 1259 2792 cum
1277 2755 1399 2793 titulo
1419 2755 1641 2793 comitatus
1660 2763 1701 2794 et
1724 2769 1817 2794 cum
1835 2755 2008 2794 annexis

355 2950 377 2980 Ι.
413 2951 447 2982 1ἱ.
474 2951 733 2989 N.‚1ns.la1in
754 2954 995 2993 5181,1“.<112
1016 2955 1058 2987 r⁰.

351 3004 367 3031 2
411 3003 444 3035 Ιὲ.
478 3004 530 3042 λζ,
559 3017 623 3037 [ns.
652 3006 745 3038 latin
770 3006 874 3040 3113.
902 3007 948 3040 Ce
974 3007 1193 3051 parchemin
1218 3020 1237 3040 a
1264 3009 1416 3052 disparu
1441 3014 1478 3042 et
1503 3020 1523 3041 a
1549 3010 1606 3042 ete'
1632 3009 1819 3052 remplace,
1843 3020 1910 3052 par
1933 3018 2008 3041 une

302 3054 428 3083 solium·
459 3058 643 3090 unuh-rm.

349 3108 379 3139 53.
412 3109 553 3148 minse,
580 3116 605 3142 1.
630 3123 679 3150 ιιι,
706 3124 739 3154 p.
767 3114 936 3147 328-330.
