2083 3458
271 241 353 280 234
922 252 1072 278 NOTAE
1108 251 1167 277 AD
1203 250 1330 275 VITAs
1854 234 1979 290 [752]

271 347 456 377 tractatus
477 338 651 388 ejusdem
673 338 716 375 cle
736 336 993 375 sacramentis
1014 344 1047 374 et
1067 343 1253 374 tractatus
1273 334 1518 385 emptionum
1539 342 1573 372 et
1593 334 1864 372 venditionum
1885 342 1920 373 et
1939 333 1983 372 de

275 397 419 446 usuris,
452 405 486 435 et
516 397 680 447 quedam
711 396 928 447 questiones
958 403 991 433 et
1020 402 1207 433 tractatus
1236 393 1432 443 logicales.
1457 393 1565 431 ‘Item
1595 408 1696 444 opus
1725 407 1794 432 seu
1823 392 1984 443 postilla

271 456 446 507 ejusdem
462 471 581 506 super
597 456 744 493 librum
765 455 864 493 beati
877 454 1068 504 Dionysii
1086 454 1129 491 de
1146 453 1327 502 angelica
1345 452 1558 502 gerarclzia.
1580 452 1678 491 Item
1694 466 1795 503 opus
1811 452 1984 502 ejusdem

275 516 374 566 quod
394 524 549 553 vocatur
569 515 692 552 Miles
712 522 900 552 armatus.
926 513 1023 552 Item
1043 527 1143 563 opus
1163 511 1338 562 ejusdem
1363 512 1465 562 quod
1492 511 1637 550 dicitur
1656 512 1863 551 Emercens.
1889 511 1986 549 Item

274 575 464 625 expositio
491 589 559 612 seu
587 573 805 624 disputatio
833 573 962 622 regule
999 572 1169 621 fratrum
1197 571 1410 609 Minorum
1436 586 1505 622 per
1540 571 1718 609 eumdem
1757 571 1985 621 composita.

279 634 374 672 Item
402 633 547 684 questio
576 633 779 683 disputata
805 646 874 682 per
909 632 1098 670 eumdem.
1133 631 1178 669 In
1206 630 1303 669 folio
1331 645 1428 669 vero
1458 629 1531 669 152
1562 632 1605 668 v⁰
1641 637 1988 669 commemoratur

276 692 421 743 questio
454 693 657 742 disputata
689 692 733 729 de
765 698 996 741 paupertate
1028 705 1097 740 per
1127 690 1289 739 fratrem
1321 690 1484 728 Petrum
1519 689 1732 728 Johannis.
1770 690 1817 727 In
1851 689 1987 728 codice

276 751 355 790 56¹
400 751 671 790 bibliothecae
717 750 974 789 Colbertinae
1021 750 1229 789 habentur
1274 765 1281 787 ε
1326 749 1595 798 Allegationes
1637 763 1758 799 super
1808 748 1988 787 articulis

275 811 407 849 tractis
427 825 496 861 per
517 810 722 848 dominum
741 824 892 860 papam
913 809 957 847 de
976 809 1138 859 postilla
1158 823 1276 859 quam
1296 809 1515 859 composuit
1533 808 1655 858 frater
1674 808 1816 846 Petrus
1840 808 1988 846 Johan-

278 870 340 908 nis
364 884 483 920 super
506 869 806 919 Apocalypsim,
833 869 980 907 missae
1006 882 1167 907 summo
1193 867 1399 917 Pontifici,
1425 867 1467 906 id
1492 875 1567 916 est,
1594 868 1747 907 Joanni
1773 867 1916 916 XXII,
1942 875 1989 905 ut

278 929 430 980 opinor.
463 928 508 966 In
533 928 670 967 codice
694 943 791 967 vero
815 926 921 965 1002
939 928 952 949 2
977 936 1095 966 extat
1119 927 1240 966 valde
1269 927 1428 978 prolixa
1452 927 1651 966 refutatio
1676 941 1818 966 eorum
1842 941 1913 977 que
1947 926 1989 964 in

277 988 435 1038 postilla
459 987 596 1036 fratris
622 987 731 1025 Petri
758 987 958 1025 Jolzannis
976 1001 1096 1038 super
1112 986 1403 1037 Apocalypsim
1424 986 1605 1024 videntur
1629 1000 1710 1024 esse
1729 986 1897 1024 heretica
1921 993 1989 1024 aut

274 1060 434 1085 erronea
463 1047 520 1084 vel
546 1046 769 1097 periculosa
796 1047 1012 1085 secundum
1032 1047 1143 1097 quod
1168 1054 1263 1084 sunt
1289 1046 1339 1084 ab
1367 1060 1409 1084 eo
1439 1045 1630 1084 intellecta
1657 1053 1692 1084 et
1719 1045 1927 1094 declarata,
1957 1053 1990 1082 et

277 1115 391 1157 prout
418 1106 536 1144 etiam
562 1114 706 1144 sonant
732 1106 859 1145 verba.
891 1106 1074 1156 Scriptus
1103 1114 1165 1144 est
1193 1113 1334 1144 autem
1360 1106 1425 1144 hic
1452 1105 1554 1144 liber
1581 1104 1833 1156 pontificatu
1864 1105 1987 1143 Joan-

278 1165 337 1203 nis
367 1165 509 1204 XXII.
777 1167 781 1170 Α

332 1226 373 1264 Ρ.
400 1224 487 1273 166,
510 1224 576 1274 lig.
602 1224 663 1263 25.
690 1225 950 1264 HERETICOS.
975 1224 1073 1263 Voir
1096 1224 1240 1273 Eubel,
1264 1224 1311 1263 B.
1336 1224 1398 1272 F„
1423 1232 1453 1263 t.
1477 1239 1515 1273 v,
1539 1239 1577 1262 n.
1603 1223 1691 1262 601.

332 1284 374 1323 P.
401 1283 488 1332 167,
510 1284 576 1334 lig.
602 1284 636 1322 1.
662 1284 906 1322 JOHANNEM
931 1299 987 1321 DE
1012 1285 1230 1323 CONVENJs
1255 1283 1398 1332 filium,
1417 1291 1465 1321 ut
1487 1283 1546 1322 ait
1567 1283 1772 1322 Arnaldus
1797 1283 1992 1321 Oihenar-

279 1352 345 1382 ‘tus
378 1344 421 1382 in
454 1342 610 1381 Notitia
647 1343 879 1392 Vaseoniae,
912 1343 1111 1382 Bernardi
1144 1343 1223 1391 V3,
1258 1342 1418 1381 comitis
1453 1343 1754 1391 Convenarum,
1789 1350 1830 1381 et
1863 1342 1992 1380 Lorae

282 1402 539 1451 Monfortiae,
574 1416 678 1453 quae
712 1402 795 1441 filia
827 1411 916 1441 erat
948 1402 1127 1453 Philippi
1159 1402 1384 1451 Monfortii,
1418 1402 1578 1441 comitis
1612 1401 1852 1441 Castrensis.
1886 1401 1993 1439 Eum

281 1462 424 1500 Petrus
447 1462 644 1501 Gariellus
663 1462 705 1500 in
726 1461 834 1500 Serie
853 1462 1093 1500 Praesulum
1112 1462 1482 1511 Magalonensium,
1502 1476 1541 1512 p.
1563 1461 1652 1510 438,
1673 1460 1816 1500 scribit
1834 1460 1992 1499 factum

282 1521 404 1559 fuisse
426 1522 664 1571 episcopum
685 1521 1018 1571 Magalonensem
1038 1536 1146 1559 anno
1168 1521 1387 1569 MCCCIX,
1410 1529 1506 1572 post
1535 1520 1852 1559 translationem
1883 1519 1994 1558 Petri

284 1580 561 1630 Mirapicensis
596 1581 647 1618 ad
681 1581 967 1631 episcopatum
1000 1581 1336 1619 Cameracensem
1351 1580 1379 1620 4.

335 1639 453 1677 Anno
478 1639 728 1678 MCCCXIII
752 1654 889 1678 mense
912 1648 1088 1691 augusto
1119 1640 1264 1678 habita
1287 1648 1384 1678 sunt
1407 1639 1574 1678 comitia
1599 1639 1759 1690 patriae
1783 1639 1994 1678 occitanae

280 1699 392 1748 apud
430 1698 632 1737 Tolosam.
676 1699 901 1738 Interfuere
939 1700 1234 1750 archiepiscopi
1271 1699 1520 1738 Auscitanus
1559 1707 1600 1737 et
1638 1698 1916 1737 Narbonensis
1954 1705 1995 1736 et

282 1758 416 1807 plures
448 1759 639 1808 episcopi,
672 1758 819 1797 delecti
849 1774 899 1798 ex
928 1759 1146 1798 nobilitate
1177 1767 1218 1797 et
1247 1773 1298 1797 ex
1326 1757 1486 1809 plebeio
1517 1757 1670 1797 ordine.
1704 1758 1764 1797 De
1792 1757 1841 1796 iis
1871 1771 1993 1808 agens

285 1816 523 1855 Guillelmus
558 1817 759 1856 Bardini5
792 1819 835 1856 in
868 1818 1053 1856 Historia
1086 1819 1424 1868 parlamentorum
1466 1817 1629 1867 linguae
1663 1817 1874 1865 occitanae,
1910 1816 1994 1855 ait:

287 1875 336 1913 In
374 1890 525 1913 camera
562 1877 823 1915 ecclesiastica
858 1878 1030 1928 suspecti
1066 1886 1177 1915 erant
1213 1878 1295 1927 regi
1332 1876 1654 1927 archiepiscopus
1689 1875 1993 1923 Auxitanensis,

288 1935 464 1972 Joannes
485 1936 529 1973 cle
547 1936 743 1974 Corwenis
767 1936 976 1987 episcopus
1000 1936 1320 1987 Magalonensis,
1343 1936 1550 1974 Arnalclus
1574 1936 1761 1974 Fredetus
1786 1935 1995 1986 episcopus

284 1993 609 2043 Conseranensis,
640 1996 865 2034 Ludovicus
903 1997 947 2034 de
977 1996 1161 2035 Pictavia
1201 1996 1412 2046 episcopus
1446 1995 1709 2044 memiensis,
1740 1994 1998 2033 Raimundus

293 2052 454 2091 Galarcli
479 2054 602 2092 abbas
626 2054 832 2104 Condomi,
857 2064 891 2093 et
913 2056 1169 2094 Raimunclus
1193 2056 1237 2093 de
1266 2055 1436 2093 Verdala
1458 2054 1582 2092 abbas
1607 2054 1744 2093 Sancti
1769 2053 1995 2093 Saturnini.

287 2112 344 2149 Hi
369 2121 478 2150 erant
502 2113 710 2163 praecipui
733 2114 897 2163 factores
921 2115 1157 2153 rebellionis,

340 2171 458 2209 Anno
487 2172 746 2220 MCCCXIX,
774 2174 808 2212 ei
834 2182 925 2212 tum
950 2174 1257 2225 archiepiscopo
1279 2173 1481 2212 Tolosano
1501 2172 1528 2221 6,
1555 2181 1597 2212 et
1623 2172 1780 2212 Jacobo
1806 2173 1997 2223 episcopo

290 2230 555 2280 Appamiensi
605 2246 651 2270 ac
704 2232 938 2271 Raimundo
990 2233 1180 2284 episcopo
1234 2232 1374 2271 Sancti
1424 2231 1572 2283 Papuli
1622 2231 1810 2282 delegata
1860 2239 1923 2270 est
1975 2245 1997 2269 a

290 2289 447 2327 ¹Ioanne
527 2290 655 2328 XXII
694 2291 907 2342 inquisitio
948 2293 1261 2331 accusationum
1301 2305 1406 2342 quae
1445 2291 1762 2341 proferebantur
1801 2290 1998 2329 adversus

291 2348 458 2386 fratrem
487 2350 743 2388 Bernardum
775 2351 961 2390 Delitiosi
992 2351 1241 2391 Minoritam.
1274 2350 1352 2390 Sed
1382 2351 1563 2391 Joannes
1593 2349 1922 2400 archiepiscopus
1957 2363 1998 2388 se

289 2409 516 2456 excusavit,
545 2418 592 2447 ut
623 2409 745 2448 fidem
773 2410 932 2449 faciunt
959 2411 1060 2449 Acta
1087 2425 1298 2461 processus
1328 2409 1513 2459 ejusdem
1538 2409 1751 2457 Bernardi‚
1779 2408 1818 2447 in
1850 2408 1998 2459 quibus

288 2467 366 2503 ista
390 2468 581 2517 leguntur
601 2468 632 2515 ⁷3
652 2469 746 2506 Post
768 2469 859 2507 haec
881 2478 1011 2508 autern
1034 2470 1096 2508 die
1117 2470 1292 2520 sequenti
1311 2469 1367 2519 (id
1392 2477 1467 2516 est,
1486 2468 1550 2506 die
1568 2475 1717 2518 quarta
1737 2467 1997 2518 septembris)

292 2526 334 2562 de
361 2540 473 2563 mane
500 2527 711 2576 praedictis
737 2528 911 2566 dominis
936 2529 1231 2579 archiepiscopo
1257 2536 1291 2566 et
1315 2527 1513 2578 episcopis
1540 2527 1584 2564 in
1609 2526 1708 2565 dicto
1734 2526 1898 2576 loco'(id
1925 2534 2000 2574 est,

292 2585 401 2633 apud
437 2580 626 2623 Ca‘strum
659 2602 815 2625 novum
849 2588 897 2626 de
925 2588 1041 2627 Arrio
1068 2588 1109 2625 in
1143 2587 1317 2626 dioecesi
1342 2585 1481 2625 Sancti
1511 2585 1672 2637 Papuli)
1702 2600 1773 2636 pro
1807 2585 2001 2624 tribunali

348 2750 374 2781 1.
399 2750 437 2782 13.
465 2750 521 2790 N„
546 2762 611 2784 ms.
636 2752 731 2784 latin
752 2752 857 2792 4190,
880 2753 904 2786 f.
928 2754 973 2786 40
995 2753 1092 2786 r0-49
1116 2754 1166 2786 v⁰.

345 2804 373 2834 23.
401 2803 435 2835 13.
461 2802 516 2843 N.‚
539 2815 605 2837 ms.
627 2805 722 2837 latin
741 2804 834 2838 3381
854 2806 896 2845 A,
919 2806 942 2839 f.
965 2807 981 2838 1
1004 2807 1126 2840 Γο-276
1144 2807 1191 2843 r0.

344 2857 374 2886 Ξῖ.
396 2855 498 2887 'Lissfz
516 2856 682 2890 Bcrnard
699 2858 795 2891 VIII
817 2859 992 2902 (Histoire
1009 2860 1049 2892 de
1063 2859 1291 2902 Languedoc,
1311 2865 1337 2891 t.
1356 2871 1393 2899 x,
1413 2864 1501 2891 note
1518 2858 1574 2898 16,
1593 2870 1628 2902 p.
1647 2858 1721 2903 72),

347 2908 376 2939 G.
404 2910 560 2941 (ἸέηιιήΙ
588 2910 625 2947 V,
650 2922 683 2943 n.
707 2912 800 2944 4445
826 2911 956 2955 (bulles
979 2913 1029 2945 du
1051 2913 1094 2945 29
1115 2912 1238 2956 juillet
1259 2911 1380 2955 1309).

349 2962 377 2991 ἰ».
408 2961 564 2993 llis-loire
587 2964 626 2995 ‹le
646 2964 873 3007 Languedoa
898 2971 924 2999 t.
948 2977 986 3006 x,
1009 2965 1178 3006 Preuvas,
1203 2966 1270 2999 col.
1293 2966 1350 2999 31.

349 3014 378 3044 13Δ
405 3014 425 3044 11
445 3015 535 3045 «21:151
554 3017 786 3060 :nm-licchuc
804 3017 847 3050 de
864 3018 1049 3051 Toulouse
1066 3019 1196 3062 depuis
1211 3019 1244 3051 le
1260 3019 1303 3052 13
1320 3018 1525 3051 novembre
1541 3018 1634 3051 1317
1655 3017 1810 3061 (Mollat,
1828 3029 1863 3052 n.
1882 3017 2004 3062 5884).

305 3065 328 3095 1,
345 3080 366 3089 m
395 3067 506 3097 &mlh-s
531 3068 576 3099 1111
602 3070 772 3102 ‹lonnant
794 3071 1034 3104 commission
1054 3077 1141 3104 sont
1163 3072 1254 3104 dans
1276 3071 1425 3111 Baluze,
1449 3077 1475 3104 t.
1496 3083 1547 3111 111,
1571 3082 1605 3115 p.
1630 3071 1709 3104 279.

352 3119 380 3150 ἶ.
412 3120 445 3150 12.
479 3120 529 3154 N„
559 3134 621 3153 ms.
648 3122 741 3154 latin
765 3122 868 3163 4270,
894 3124 917 3157 f.
943 3125 963 3157 3
988 3126 1037 3157 v⁰.
