2083 3458
264 208 346 250 640
913 228 1064 252 NOTAE
1099 227 1159 252 AD
1194 227 1321 252 VITAS
1816 212 1967 267 [1118]

266 318 306 346 ut
331 324 410 347 non
434 311 611 360 patiatur
634 312 753 359 sedes,
780 320 876 350 esset
904 312 1048 349 bonum
1073 312 1174 362 quod
1197 311 1504 351 dissimularetis
1527 313 1663 363 aliqua
1688 321 1721 350 et
1758 311 1971 350 toleraretis

264 377 409 406 statum
432 370 602 408 Ecclesie
627 371 670 408 in
692 380 796 409 statu
822 371 864 409 in
888 386 961 421 quo
985 379 1050 409 est.
1077 372 1127 409 Et
1149 371 1367 409 cardinalis
1390 371 1491 410 dixit
1513 372 1592 409 sibi
1618 389 1625 410 :
1652 372 1745 409 Non
1769 380 1802 409 te
1827 377 1971 421 oportet

266 429 376 465 modo
397 429 488 478 plus
508 430 624 477 scire;
647 431 714 468 sed
732 431 837 469 scias
859 432 960 481 quod
980 445 1094 480 grave
1115 439 1169 469 est
1189 431 1387 469 hominem
1406 430 1598 470 sustinere
1628 446 1698 481 que
1718 439 1811 469 sunt
1839 439 1971 468 contra

266 488 501 526 voluntatem
525 504 642 528 suam
667 499 701 528 et
727 499 859 528 contra
884 505 1001 528 suam
1027 490 1319 529 conscientiam.

320 547 421 586 Cum
445 563 552 598 ergo,
579 550 640 587 uti
665 550 823 588 dictum
848 559 923 598 est,
950 550 1174 588 cardinales
1200 550 1309 587 intra
1335 551 1527 588 conclave
1552 559 1700 598 essent,
1727 558 1768 588 et
1795 548 1971 588 Romani

266 615 413 645 cuncta
440 610 624 647 tumultu
648 623 695 648 ac
719 618 872 648 terrore
897 609 1228 659 complevissent,
1254 617 1373 647 tanta
1399 609 1451 647 ab
1474 610 1551 648 illis
1577 610 1758 648 excitata
1783 617 1845 648 est
1868 617 1970 647 tem-

265 674 402 715 pestas
430 676 478 705 ut
506 683 666 707 necesse
696 669 819 707 fuerit
847 669 1072 707 cardinales
1102 664 1279 718 cogitare
1308 669 1357 707 de
1395 669 1567 707 vitando
1594 669 1773 720 periculo
1812 668 1968 706 mortis.

267 725 370 762 Tum
391 741 487 765 vero
509 728 725 766 cardinalis
747 729 795 767 de
817 729 967 767 Vernio
988 742 1081 767 cum
1102 728 1233 766 tribus
1254 728 1341 766 aliis
1363 728 1536 778 projecit
1557 744 1596 767 se
1617 744 1686 779 per
1707 743 1830 766 unam
1849 742 1971 765 came-

266 799 351 823 ram
371 786 414 823 de
433 787 584 836 palatio
605 788 648 825 in
667 788 791 826 aliam
812 788 1050 838 inferiorem,
1072 787 1265 826 nimirum
1285 796 1333 825 ut
1352 788 1578 838 effugerent
1598 802 1743 827 manus
1767 788 1973 825 Romano-

265 858 368 883 rum.
390 846 468 884 Sed
484 847 597 885 istud
615 862 762 898 parum
781 848 835 886 eis
854 848 1022 898 profuit.
1045 847 1209 885 Etenim
1227 847 1389 897 fuerunt
1408 848 1555 885 inventi
1573 862 1642 898 per
1659 848 1812 898 aliquos
1830 847 1973 885 Roma-

267 918 348 952 nos,
378 914 412 943 et
438 920 506 956 per
533 907 687 957 aliquos
714 908 896 958 officiales
924 922 1013 945 cum
1041 906 1167 945 verbis
1194 915 1228 945 et
1252 907 1349 956 forte
1377 922 1465 945 cum
1492 907 1716 945 verberibus
1742 907 1903 956 fuerunt
1931 906 1974 943 in

266 964 464 1012 palatium
484 967 642 1005 reducti.
669 967 781 1006 Haec
803 975 900 1005 sunt
921 967 1046 1005 verba
1071 966 1270 1016 Stephani
1291 966 1470 1017 episcopi
1489 966 1702 1005 Tudertini
1719 966 1830 1017 apud
1849 965 1970 1004 Odor.

269 1023 546 1073 Raynaldum,
567 1040 631 1065 an.
655 1026 768 1074 1378,
795 1027 811 1075 ἓ
833 1026 893 1074 10,
914 1041 1010 1065 vera
1030 1026 1210 1076 quidem,
1230 1025 1300 1064 sed
1319 1026 1450 1063 mixta
1471 1040 1563 1066 cum
1582 1041 1665 1064 non
1683 1026 1801 1064 veris.
1824 1026 1971 1063 Postea

267 1093 506 1133 evaserunt3
534 1094 575 1123 et
601 1100 684 1133 seX,
711 1086 818 1124 inter
846 1101 945 1136 quos
974 1086 1118 1125 Petrus
1141 1086 1189 1123 de
1213 1085 1404 1133 Vernhio,
1426 1085 1605 1125 vestium
1623 1085 1855 1124 mutatione
1873 1084 1973 1123 tecti

267 1143 540 1194 confugerunt
563 1145 606 1183 in
631 1154 812 1184 castrum
840 1146 979 1184 Sancti
1005 1145 1161 1195 Angeli.
1192 1144 1373 1183 Dubium
1399 1154 1461 1183 est
1485 1153 1626 1183 autem
1652 1158 1830 1195 quanam
1858 1152 1972 1182 veste

266 1201 435 1241 indutus
459 1204 582 1243 fuerit
604 1205 680 1243 iste
704 1205 933 1244 cardinalis.
961 1205 1126 1244 Etenim
1148 1205 1280 1243 habeo
1303 1213 1514 1243 auctorem
1538 1205 1606 1255 qui
1629 1204 1759 1242 tradit
1781 1217 1875 1242 eum
1897 1203 1972 1241 sub

267 1261 415 1300 habitu
437 1264 619 1302 scutiferi
637 1265 701 1303 vel
724 1265 927 1303 domicelli
948 1264 1124 1303 evasisse
1145 1264 1188 1302 in
1209 1264 1309 1302 illud
1326 1273 1520 1313 castrum,
1547 1272 1589 1303 et
1609 1264 1742 1303 habeo
1762 1271 1972 1302 auctorem

268 1321 337 1370 qui
364 1323 517 1361 scribat
542 1324 657 1362 illum
683 1325 725 1361 in
751 1325 828 1363 hac
855 1324 1099 1363 necessitate
1126 1338 1246 1361 usum
1272 1324 1396 1374 pallio
1423 1323 1623 1373 agasonis.
1661 1323 1716 1361 Et
1754 1323 1802 1361 de
1841 1322 1973 1374 priore

268 1380 434 1430 quidem
458 1384 690 1422 mutatione
715 1384 841 1422 vestis
868 1384 923 1422 sic
947 1384 1096 1434 legitur
1120 1384 1162 1421 in
1188 1383 1442 1433 depositione
1463 1383 1600 1422 Sancii
1622 1382 1900 1421 archidiaconi
1925 1381 1973 1419 de

269 1440 414 1479 Guiart
436 1442 478 1479 in
502 1443 682 1482 Ecclesia
707 1443 1025 1494 Pampilonensi:
1048 1443 1143 1481 Item
1166 1443 1267 1480 dixu
1288 1457 1327 1480 se
1349 1443 1550 1480 audivisse
1576 1443 1677 1493 quod
1698 1442 1825 1492 aliqui
1848 1441 1974 1480 cardi-

267 1500 375 1537 nales
395 1501 547 1541 iverunt
564 1503 616 1540 ad
633 1511 805 1541 castrum
823 1503 960 1541 Sancti
979 1503 1125 1552 Angeli
1144 1511 1178 1541 et
1195 1502 1269 1540 alii
1287 1511 1394 1540 extra
1418 1502 1562 1541 Urbem
1580 1501 1844 1540 dissimulatis
1863 1500 1974 1539 habi-

266 1559 385 1608 tibus,
416 1562 639 1610 specialiter
668 1563 887 1600 cardinalis
916 1563 960 1600 de
990 1562 1190 1600 Alvernio.
1223 1562 1274 1599 Et
1303 1562 1454 1600 videtur
1485 1561 1551 1599 isti
1580 1561 1666 1600 testi
1694 1562 1795 1611 quod
1820 1559 1975 1598 audivit

268 1620 370 1668 quod
387 1620 506 1659 exivit
526 1622 569 1659 de
589 1636 659 1659 suo
680 1622 850 1672 hospitio
870 1623 944 1659 sub
965 1622 1103 1660 habitu
1122 1621 1299 1670 scutiferi
1320 1636 1389 1659 seu
1407 1621 1612 1669 domicelli,
1632 1635 1757 1671 quam
1773 1620 1972 1658 narratio-

268 1692 359 1716 nem
380 1680 600 1719 confirmat
619 1682 820 1731 depositio
840 1682 950 1720 Petri
969 1681 1017 1720 de
1038 1682 1180 1720 Crosso
1200 1681 1433 1728 Camerarii,
1453 1681 1522 1730 qui
1540 1688 1721 1719 testatur
1737 1681 1852 1718 illum
1870 1679 1973 1717 mili-

268 1738 347 1776 tari
364 1739 487 1778 modo
504 1740 697 1779 indutum
716 1741 837 1779 fuisse
856 1741 869 1763 1
891 1757 897 1779 :
921 1741 1018 1778 Item
1033 1741 1133 1791 quod
1146 1755 1212 1778 sem
1229 1741 1449 1778 cardinales
1468 1740 1620 1778 iverunt
1636 1741 1688 1777 ad
1704 1748 1875 1777 castrum
1889 1739 1974 1788 jam

270 1797 313 1834 de
333 1812 428 1845 sero,
451 1799 553 1837 sicut
574 1800 735 1850 quilibet
756 1801 805 1838 lia
814 1801 922 1838 bebat
942 1800 1286 1850 opportunitatem.
1306 1800 1357 1837 Et
1370 1799 1525 1849 primus
1540 1799 1619 1848 fuit
1641 1799 1825 1837 dominus
1847 1797 1972 1836 cardi-

269 1857 374 1894 nalis
398 1859 442 1895 de
472 1859 627 1907 Ver-nio,
653 1860 720 1910 qui
746 1860 816 1898 ivit
838 1860 1047 1910 equitando
1072 1868 1113 1897 ut
1135 1860 1246 1897 lzomo
1270 1874 1483 1898 armorum.
1513 1859 1617 1897 Item
1642 1859 1767 1897 frater
1794 1858 1971 1908 Angelus

270 1918 464 1965 generalis
486 1919 671 1958 minister
692 1919 842 1957 ordinis
865 1920 1069 1957 Minorum
1083 1918 1097 1941 2
1120 1935 1126 1957 :
1150 1919 1200 1956 Et
1219 1919 1385 1966 aiidivit,
1407 1927 1537 1956 tamen
1558 1918 1678 1956 nescit
1695 1918 1732 1955 si
1751 1926 1806 1955 est
1825 1931 1970 1964 verum,

270 1977 371 2025 quod
396 1978 580 2015 dominus
608 1979 824 2017 cardinalis
853 1980 896 2016 de
923 1979 1111 2016 Alvernio
1139 1978 1292 2016 recessit
1319 1979 1362 2015 de
1396 1978 1511 2025 Urbe,
1540 1986 1574 2015 et
1600 1992 1645 2016 ecc
1671 1986 1763 2015 tunc
1790 1991 1869 2014 non
1895 1976 1973 2027 fuit

270 2049 456 2085 reversus,
491 2046 667 2075 armatus
701 2053 790 2076 cum
825 2039 935 2088 galea
972 2038 1014 2075 in
1048 2038 1174 2087 capite
1208 2037 1310 2075 sicut
1344 2052 1449 2075 unus
1482 2037 1783 2087 stipendiaria-3.
1821 2036 1971 2074 Contra

271 2094 449 2134 Joannes
477 2097 677 2144 Columbi,
705 2098 869 2136 clericus
898 2098 1192 2136 Avenionensis
1220 2097 1461 2143 dioeceseos,
1487 2097 1657 2146 loquens
1685 2096 1732 2134 de
1760 2095 1972 2134 cardinali-

270 2154 344 2192 bus
370 2156 438 2205 qui
461 2171 501 2194 se
526 2158 789 2195 contulerunt
811 2158 853 2195 in
876 2166 1054 2195 castrum
1081 2157 1117 2195 S.
1143 2157 1287 2206 Angeli
1314 2157 1372 2194 ait
1404 2156 1513 2206 quod
1538 2155 1692 2193 audivit
1725 2155 1826 2205 quod
1847 2153 1972 2192 cardi-

271 2214 376 2251 nalis
407 2216 450 2252 de
482 2217 669 2254 Alveruio
702 2217 864 2254 intrcwit
895 2217 1053 2254 vestitus
1085 2217 1266 2254 mantello
1297 2216 1506 2266 cujusdam
1535 2214 1799 2265 palafrenarii
1830 2213 1908 2261 sui,
1941 2221 1974 2250 et

272 2273 397 2311 dictus
416 2275 714 2325 palafrenarius
734 2276 942 2327 equitando
965 2276 1008 2313 in
1028 2277 1194 2326 quodam
1216 2275 1374 2313 rochino
1396 2275 1439 2312 in
1458 2275 1566 2322 sella,
1588 2282 1622 2311 et
1644 2274 1769 2312 dictus
1791 2272 1972 2311 cardina-

272 2333 321 2369 lis
346 2342 442 2371 retro
466 2343 553 2384 post
575 2350 676 2374 eum.
704 2336 851 2374 Postea
875 2335 1085 2374 redierunt
1109 2335 1161 2372 ad
1184 2335 1562 2381 Bartholomaeum,
1583 2333 1645 2371 uti
1669 2346 1792 2383 supra
1816 2332 1973 2370 dictum

271 2400 345 2439 est,
365 2402 405 2431 et
423 2408 513 2431 eum
533 2394 919 2433 inthronizaverunt
936 2404 978 2433 et
996 2402 1309 2433 coronaverunt.
1329 2393 1511 2432 Accessit
1529 2393 1582 2430 ad
1599 2393 1698 2431 haec
1717 2391 1827 2442 quod
1845 2390 1972 2430 cardi-

272 2452 372 2490 nalis
404 2453 451 2491 de
483 2454 631 2492 Vernio
661 2454 826 2492 adstitit
856 2454 1024 2492 Urbano
1054 2454 1300 2492 sacrificium
1331 2452 1551 2491 celebranti
1581 2452 1622 2489 in
1652 2451 1839 2501 sequenti
1868 2450 1973 2489 festo

274 2511 534 2551 pentecostes
553 2522 593 2551 et
609 2514 651 2551 in
668 2514 772 2552 festo
790 2514 966 2565 corporis
986 2514 1152 2560 Christi3
1171 2522 1351 2562 tuncque
1368 2512 1466 2561 legit
1483 2511 1752 2561 evangelium,
1770 2518 1812 2548 et
1828 2510 1973 2548 eucha-

272 2570 409 2609 ristiae
436 2573 766 2611 communionem
793 2573 840 2611 de
866 2588 993 2611 manu
1017 2573 1103 2622 ejus
1130 2572 1301 2622 accepit,
1327 2580 1375 2608 ut
1400 2571 1549 2620 legitur
1571 2571 1613 2608 in
1639 2571 1758 2608 Facto
1783 2584 1854 2620 per
1876 2569 1973 2606 Bar-

273 2630 553 2671 tholomaeum
593 2633 716 2672 misso
756 2633 808 2670 ad
847 2647 983 2682 regem
1023 2632 1220 2670 Castellae
1261 2631 1372 2681 apud
1424 2630 1647 2668 Odoricum
1696 2628 1973 2678 Raynaldum,

273 2702 337 2726 an.
371 2690 484 2738 1378,
522 2692 538 2721 q
567 2692 628 2730 97.

328 2748 389 2786 Ex
423 2750 483 2787 his
517 2751 642 2800 igitur
675 2765 779 2801 quae
813 2751 952 2802 palam
985 2758 1027 2789 et
1058 2750 1220 2801 publice
1254 2749 1483 2799 agebantur
1516 2762 1539 2785 a
1574 2747 1846 2786 cardinalibus
1881 2758 1974 2795 erga

272 2807 635 2849 Bartholomaeum
657 2811 848 2861 collegere
869 2810 1050 2860 plerique
1070 2810 1185 2848 illum
1206 2823 1298 2847 vere
1319 2809 1494 2846 electum
1515 2807 1636 2845 fuisse
1657 2820 1680 2843 a
1700 2804 1974 2844 cardinalibus

274 2879 319 2902 ea
337 2876 473 2906 mente
492 2877 539 2907 ut
557 2878 662 2908 esset
680 2884 798 2908 verus
818 2883 940 2919 papa,
960 2883 1042 2906 non
1060 2883 1156 2907 vero
1175 2867 1448 2906 simulatione.
1471 2866 1576 2904 Hinc
1594 2865 1761 2904 seorsim
1780 2864 1974 2902 nonnulla

278 2924 324 2962 de
357 2927 540 2975 quolibet
572 2929 775 2967 cardinale
807 2942 947 2978 sparsa
979 2928 1020 2965 in
1051 2928 1211 2977 vulgus,
1243 2935 1290 2964 ut
1322 2925 1605 2964 ostenderetur
1635 2938 1761 2963 unam
1793 2923 1975 2961 omnium

322 3058 352 3090 1.
378 3058 443 3090 ΜΞ.
469 3058 551 3097 cite,
576 3058 637 3091 sol.
663 3060 706 3092 63
730 3064 780 3092 νο.

323 3111 352 3142 2.
384 3110 449 3143 Ms.
480 3111 562 3151 cite,
592 3111 654 3144 fol.
684 3113 753 3145 170
780 3117 826 3147 1·⁰.
