2083 3458
243 214 323 254 774
893 225 1044 250 NOTAE
1079 225 1138 249 AD
1174 225 1301 250 VITAs
1588 239 1591 240 γ
1796 210 1950 265 [1251]

240 311 351 349 idem
376 310 560 348 Clemens
585 309 627 346 in
652 308 763 346 bulla
789 307 901 346 edita
926 307 1039 358 apud
1075 306 1369 357 VVaddingum,
1394 316 1425 346 t.
1449 323 1508 356 lx,
1532 307 1575 345 in
1598 309 1775 357 RegestO,
1799 323 1839 359 p.
1865 308 1954 347 401.

243 370 375 418 Vulgo
393 368 575 407 traditur
593 368 709 407 illum
725 367 918 405 habuisse
936 367 1069 418 primo
1087 366 1259 405 titulum
1278 367 1454 406 Sanctae
1473 367 1633 406 Priscae
1652 368 1680 416 1,
1699 376 1843 419 postea
1859 383 1956 407 vero

245 430 421 467 Sanctae
451 427 662 466 praxedis.
691 427 770 465 Sed
797 427 838 464 id
866 441 1014 477 parum
1043 435 1222 465 constat.
1253 426 1402 465 Postea
1432 427 1617 467 Clemens
1644 428 1854 478 profectus
1894 436 1956 466 est

247 487 484 538 Neapolim3
512 487 584 525 ubi
611 488 714 525 adeo
742 487 1050 525 tumultuatum
1076 495 1138 525 est
1165 486 1361 525 adversus
1390 501 1482 525 eum
1509 495 1557 524 ut
1582 487 1719 537 ipsum
1746 487 1884 525 subito
1911 502 1959 526 00

246 548 355 586 unde
372 556 546 586 venerat
564 546 795 597 oportuerit
812 560 1007 594 remeare,
1025 554 1073 583 ut
1090 546 1150 583 ait
1166 554 1312 584 auctor
1334 546 1448 584 Vitae
1464 546 1566 596 ejus.
1586 547 1799 585 Excedens
1818 555 1960 586 autem

252 607 373 646 Italia
397 608 506 645 hunc
532 607 737 645 Jacobum
762 606 804 644 in
828 620 874 644 ea
899 605 1113 656 provincia
1138 605 1318 655 reliquit,
1344 605 1414 643 ubi
1440 606 1509 644 diu
1534 614 1678 657 postea
1704 615 1791 656 post
1815 607 1960 644 multas

246 666 481 717 afflictiones
500 667 622 704 vitam
640 667 743 703 velut
762 674 910 715 martyr
929 665 1231 713 consummavit,
1246 673 1295 703 ut
1313 665 1372 703 ait
1387 665 1497 704 idem
1512 675 1670 705 auctor.
1689 666 1752 704 Ex
1772 681 1854 716 quo
1871 667 1961 704 loco

248 727 380 777 liquet
398 726 548 764 falsum
567 741 651 765 esse
672 725 782 776 quod
800 725 859 763 ait
877 725 1092 764 Ciaconius
1122 725 1168 775 [t.
1186 740 1227 772 11,
1246 725 1320 763 col.
1340 725 1415 763 675
1429 725 1456 776 ],
1475 725 1588 763 illum
1608 742 1628 765 e
1647 740 1805 764 carcere
1824 725 1962 764 dimis-

249 800 343 825 sum
372 786 629 825 Avenionem
657 785 779 823 ivisse
808 785 972 835 illicque
1003 784 1163 823 obiisse.
1196 784 1406 823 Eductum
1435 794 1577 825 tamen
1606 799 1628 822 a
1659 799 1817 824 carcere
1847 785 1966 824 facile

252 845 511 893 crediderim,
537 853 784 895 argumento
809 853 978 895 sumpto
1003 859 1054 882 ex
1078 843 1139 882 his
1166 858 1271 894 quae
1296 844 1417 892 infra,
1447 860 1486 895 p.
1515 845 1630 892 1262,
1656 845 1891 883 referuntur
1915 860 1967 883 ex
2001 854 2004 858 “

254 905 437 956 quodam
459 914 647 943 tractatu
671 904 876 943 Leonardi
899 903 1116 942 cardinalis
1142 904 1191 942 de
1216 904 1393 943 Giffono.
1420 904 1594 943 Videtur
1616 913 1756 943 autem
1784 905 1964 943 Jacobus

254 980 337 1003 non
354 964 597 1015 produxisse
614 964 748 1004 vitam
765 964 874 1002 ultra
893 978 1111 1012 carcerem,
1130 978 1224 1003 cum
1247 972 1392 1002 auctor
1419 965 1532 1002 Vitae
1550 964 1763 1002 Clementis
1786 973 1965 1003 testetur

253 1024 370 1062 illum
391 1039 482 1063 03111
504 1038 811 1063 consummasse
832 1024 940 1069 inter
958 1025 1285 1063 hasaerumnaS.
1310 1024 1373 1061 Ex
1394 1039 1474 1074 quo
1495 1038 1659 1064 rursum
1679 1023 1814 1074 colligi
1844 1038 1963 1074 posse

255 1084 421 1123 videtur
445 1092 623 1124 mortem
647 1083 682 1122 ei
707 1083 921 1122 obvenisse
946 1098 1055 1121 anno
1081 1082 1487 1131 MCCCLXXXVII,
1511 1092 1559 1121 ut
1583 1083 1724 1122 scribit
1750 1083 1966 1122 Ciaconius

265 1145 277 1195 [
304 1152 335 1182 t.
364 1159 406 1192 11,
435 1144 509 1182 col.
539 1144 656 1194 676],
685 1143 871 1193 adeoque
901 1143 1011 1193 quod
1042 1143 1296 1181 Contelorius
1337 1143 1390 1193 [p.
1422 1143 1521 1193 180]
1546 1136 1605 1181 ait
1632 1158 1726 1181 eum
1754 1143 1969 1182 enunciari

254 1203 499 1243 defunctum
527 1203 590 1241 die
617 1203 828 1253 trigesima
856 1202 996 1242 martii
1022 1217 1130 1240 anno
1159 1202 1444 1241 MCCCXCIII
1461 1202 1503 1240 in
1523 1202 1650 1242 literis
1671 1203 1856 1252 ejusdem
1881 1203 1965 1241 Cle-

253 1263 403 1302 mentis
428 1262 569 1302 referri
594 1263 740 1302 debere
765 1271 936 1303 tantum
960 1263 1013 1300 ad
1038 1262 1293 1302 mentionem
1317 1262 1423 1301 illius
1450 1262 1637 1301 defuncti
1660 1262 1702 1300 in
1727 1262 1855 1301 literis
1880 1263 1964 1301 Cle-

254 1323 418 1370 mentis,
436 1337 518 1360 non
535 1337 631 1360 vero
648 1323 700 1360 ad
718 1322 826 1361 diem
845 1337 925 1372 quo
943 1322 1152 1361 extinctus
1170 1331 1245 1360 est.
1575 1321 1577 1324 ’

309 1383 372 1420 Ex
393 1383 537 1421 eadem
561 1382 746 1420 fortassis
771 1390 890 1431 gente
914 1382 993 1419 fuit
1009 1382 1154 1420 Petrus
1178 1382 1227 1420 de
1251 1382 1368 1429 Ytro,
1392 1381 1606 1432 episcopus
1631 1381 1966 1432 Cupersanensis‚

252 1456 362 1480 anno
377 1442 592 1482 millesimo
605 1442 909 1489 CCCLXXIII,
924 1442 1068 1491 dequo
1081 1441 1175 1480 vide
1191 1442 1426 1491 Ughellum,
1439 1450 1469 1480 t.
1485 1456 1554 1489 vn,
1571 1442 1661 1480 Ital.
1677 1456 1772 1489 sae„
1787 1441 1861 1480 col.
1877 1441 1965 1479 712.

309 1502 352 1540 Ρ.
380 1502 470 1549 473,
496 1502 562 1552 lig.
592 1502 652 1540 17.
682 1502 865 1540 ΡΕΓΒἨΜ
894 1502 1061 1539 AMELn.
1094 1502 1140 1538 ln
1164 1501 1268 1539 libro
1299 1501 1601 1550 obligationum
1628 1501 1879 1539 adnotatum
1905 1509 1968 1539 est

254 1561 372 1601 illum
401 1561 523 1600 fuisse
553 1562 769 1600 absentem
789 1576 835 1599 eo
854 1569 1040 1611 tempore
1062 1575 1142 1611 quo
1172 1561 1305 1600 factus
1334 1569 1396 1599 est
1425 1561 1656 1599 cardinalis.
1690 1561 1830 1599 Recte.
1865 1561 1968 1599 Erat

253 1621 362 1659 enim
378 1621 605 1668 Avenione,
620 1629 669 1659 ut
684 1620 889 1670 colligitur
904 1636 954 1659 ex
968 1621 1142 1671 epistola
1158 1621 1210 1658 ab
1225 1636 1271 1659 eo
1286 1621 1439 1671 scripta
1454 1621 1506 1658 ad
1523 1621 1728 1659 Joannem
1744 1621 1792 1658 de
1808 1621 1966 1667 Calore,

253 1681 545 1719 cancellarium
572 1680 857 1728 Parisiensem,
884 1680 947 1719 die
973 1680 1149 1731 septima
1175 1680 1325 1720 mensis
1351 1679 1610 1731 septembris,
1638 1694 1742 1730 quae
1768 1680 1879 1718 edita
1905 1688 1968 1718 est

252 1740 294 1777 in
317 1749 433 1778 tomo
459 1749 608 1790 quarto
633 1740 839 1778 Historiae
870 1740 1152 1778 Universitatis
1176 1740 1326 1787 Paris„
1352 1755 1390 1790 p.
1417 1740 1506 1778 479.
1537 1740 1621 1777 Ista
1646 1748 1786 1778 autem
1814 1739 1968 1778 creatio

253 1799 526 1840 cardinalium
553 1799 632 1837 fuit
660 1800 770 1838 facta
800 1800 954 1838 Fundis
983 1799 1046 1838 die
1074 1815 1145 1837 XVI
1173 1799 1399 1838 decembris
1438 1799 1596 1850 [1378]
1626 1799 1757 1849 Vulgo
1790 1799 1966 1837 tradunt

252 1868 441 1898 auctores
466 1859 582 1899 illum
607 1859 729 1897 fuisse
754 1859 887 1910 primo
911 1860 1202 1910 presbyterum
1236 1859 1487 1899 cardinalem
1520 1859 1634 1897 tituli
1659 1858 1800 1897 Sancti
1825 1858 1965 1906 Marci,

253 1919 400 1957 deinde
424 1919 540 1957 tituli
565 1919 741 1957 Sanctae
768 1919 920 1957 Mariae
947 1919 1306 1968 Trans—Tyberim.
1334 1919 1412 1957 Sed
1436 1919 1479 1956 in
1502 1918 1614 1957 libris
1640 1932 1825 1958 camerae
1852 1918 1965 1957 Sedis

253 1975 519 2029 apostolicae,
554 1978 595 2015 in
630 1978 779 2028 quibus
814 1978 1049 2029 adscriptae
1083 1987 1180 2017 sunt
1214 1978 1440 2017 creationes
1475 1978 1762 2025 cardinalium,
1795 1986 1969 2016 vocatur

252 2038 399 2076 statim
421 2038 640 2077 cardinalis
662 2038 777 2076 tituli
800 2039 974 2077 Sanctae
999 2038 1150 2077 Mariae
1169 2037 1529 2087 Trans-Tyberim,
1549 2046 1590 2076 et
1611 2052 1657 2076 eo
1680 2038 1768 2076 loco
1790 2037 1861 2075 ubi
1884 2037 1968 2075 dics

253 2097 396 2136 mortis
420 2097 507 2147 ejus
532 2106 717 2145 notatur,
737 2107 913 2136 vocatur
935 2097 1153 2136 cardinalis
1175 2097 1316 2136 Sancti
1338 2097 1352 2120 2
1372 2096 1510 2136 Marci.
1536 2097 1668 2147 Vulgo
1687 2105 1830 2136 tamen
1847 2110 1968 2135 voca—

253 2157 377 2195 batur
395 2157 614 2195 cardinalis
638 2157 956 2196 Ebredunensis.

307 2217 408 2255 Cum
432 2225 572 2255 autem
598 2217 781 2255 Clemens
806 2231 915 2267 papa
934 2216 1122 2255 rediisset
1144 2216 1185 2254 in
1208 2216 1398 2263 Galliam,
1423 2215 1640 2255 cardinalis
1662 2214 1966 2254 Ebredunensis

253 2275 289 2314 ei
312 2276 488 2314 occurrit
511 2277 623 2326 apud
648 2276 871 2314 Massiliam
894 2290 1003 2314 311110
1027 2275 1372 2323 MCCCLXXIX,
1396 2276 1459 2313 die
1483 2291 1574 2313 xxv
1595 2275 1701 2325 junii
1718 2274 1744 2323 3,
1770 2283 1818 2313 ut
1840 2275 1967 2313 habet

254 2335 355 2373 liber
374 2335 689 2385 Obligationum,
708 2344 750 2374 et
769 2336 959 2386 deinceps
979 2350 1139 2386 semper
1156 2336 1267 2386 apud
1291 2349 1385 2374 eum
1405 2335 1496 2373 fuit.
1528 2336 1590 2372 Ex
1613 2335 1758 2373 Diario
1787 2334 1842 2385 [p.
1864 2334 1964 2384 105]

303 2474 335 2506 1.
369 2473 527 2517 D’apres
548 2474 667 2507 Eubel
689 2474 936 2517 (Hierarchia,
955 2480 981 2507 t.
995 2487 1018 2513 1,
1038 2486 1072 2518 p.
1094 2474 1150 2517 27)
1166 2474 1191 2506 il
1207 2474 1313 2506 n'eut
1330 2485 1401 2517 que
1414 2473 1553 2517 l'e'glise
1572 2473 1741 2506 titulaire
1759 2473 1802 2505 de
1819 2471 1968 2505 Sainte-

256 2526 423 2570 Prisque.

305 2581 335 2612 2.
370 2580 528 2624 D’apres
551 2581 672 2614 Eubel
695 2581 748 2623 (ut
765 2593 807 2621 3.,
828 2593 864 2624 p.
887 2582 943 2625 27)
967 2581 991 2614 il
1011 2593 1055 2613 ne
1076 2581 1237 2624 posseda
1256 2592 1327 2624 que
1347 2581 1379 2613 le
1399 2580 1488 2613 titre
1509 2580 1553 2613 de
1573 2580 1607 2613 S.
1630 2580 1744 2613 Marc.
1764 2599 1813 2602 —-
1827 2579 1965 2612 Baluze

253 2644 274 2664 a
288 2634 410 2666 rclcve
429 2634 521 2666 (lans
540 2635 572 2666 le
589 2646 658 2667 ms.
677 2634 773 2666 latin
790 2634 898 2674 1474,
918 2634 982 2667 fol.
1002 2635 1070 2666 222
1087 2639 1131 2674 r0‚
1146 2635 1197 2667 105
1214 2645 1391 2677 passages
1408 2634 1583 2666 suivants
1601 2639 1785 2666 contenus
1803 2633 1896 2665 dans
1913 2644 1964 2664 un

258 2687 369 2719 traite
399 2699 462 2719 sur
490 2688 522 2720 le
553 2687 694 2720 concile
726 2688 876 2731 general
908 2700 914 2719 :
938 2688 1021 2721 Alii
1050 2700 1128 2720 vero
1157 2689 1283 2721 dicunt
1311 2699 1384 2720 non
1406 2687 1575 2731 eoepedire
1599 2698 1662 2719 nee
1682 2691 1854 2730 reputant
1879 2686 1966 2718 utile

256 2751 320 2781 pro
352 2741 506 2773 tollendo
537 2742 706 2774 scismate
743 2742 783 2774 in
818 2741 882 2773 hoc
915 2753 1002 2774 casu
1043 2742 1207 2784 generale
1238 2741 1436 2774 concilium
1471 2740 1655 2773 celebrari.
1689 2739 1818 2782 Hujus
1843 2744 1964 2772 autem

255 2794 475 2835 oppinionis
519 2795 720 2838 precipuus
755 2795 978 2827 introductor
1012 2801 1042 2827 et
1073 2795 1238 2837 defensor
1275 2794 1348 2837 suit
1388 2794 1559 2827 dominus
1601 2793 1713 2836 frater
1752 2793 1884 2825 Petrus
1924 2793 1965 2825 de

256 2846 401 2878 Amelio
433 2847 528 2879 alias
554 2848 705 2886 Amelii,
739 2848 938 2880 monachus
969 2849 1088 2880 sancti
1115 2848 1317 2887 Benedicti,
1351 2848 1571 2880 decretorum
1592 2848 1721 2885 doctor,
1745 2846 1909 2889 famosus
1934 2851 1965 2879 et

257 2899 379 2930 doctus
404 2900 650 2942 utplurimum
674 2901 713 2933 in
737 2901 825 2934 aliis
846 2901 1088 2943 facultatibus
1110 2913 1119 2933 .·
1149 2902 1211 2944 qui
1244 2901 1332 2933 dum
1361 2906 1449 2934 esset
1478 2900 1593 2934 abbas
1625 2899 1753 2932 Sancti
1785 2899 1962 2942 Remigii,

257 2963 319 2992 per
350 2953 538 2985 (lominum
570 2954 786 2996 Gregorium
809 2960 997 2997 promotus
1029 2955 1077 2987 ad
1097 2955 1455 2998 archiepiscopatum
1475 2954 1786 2991 Ebreduneusem,
1819 2953 1965 2985 tandem

258 3015 279 3034 a
305 3005 444 3046 prestito
473 3007 619 3039 (lomina
646 3007 828 3040 Clemente
855 3008 894 3040 in
921 3008 1084 3051 predicta
1110 3008 1287 3041 creatione
1315 3008 1356 3040 de
1379 3018 1451 3050 qua
1475 3018 1593 3050 supra
1618 3007 1667 3039 ad
1692 3006 1967 3039 cardinalatum

257 3064 471 3099 (is-sumplus
501 3060 678 3099 interfuit,
708 3061 913 3093 cardinalis
941 3061 1218 3093 Ebredzmensis
1246 3061 1445 3103 vulgariter
1465 3065 1714 3103 nuncupatus.

307 3111 337 3142 3.
371 3110 474 3142 Lisoz
499 3112 528 3144 lc
554 3113 597 3145 10
623 3113 771 3157 d'aprcs
795 3113 988 3147 Ramisclze
1010 3114 1294 3156 Quartalsclzrist
1321 3114 1359 3156 (t.
1386 3125 1455 3146 ΧΙΧ
1483 3113 1618 3156 (1905),
1645 3124 1679 3156 p.
1705 3112 1803 3155 170).
