2083 3458
78 208 204 263 [793]
610 223 826 248 PAPARUM
863 222 1248 248 AVENIONENSIUM
1688 207 1771 248 295

68 306 111 343 in
126 305 326 343 dominica
341 304 473 357 prima
486 312 576 342 ante
591 306 800 343 adventum
809 305 976 343 Domini
991 305 1175 344 celebrari
1188 305 1363 344 Ecclesia
1376 305 1571 356 siquidem
1588 307 1770 344 Romana

68 366 111 403 in
137 380 212 403 usu
237 379 316 402 non
341 365 453 402 habet
477 365 578 414 quod
603 364 644 402 in
669 365 801 415 aliquo
826 374 993 415 tempore
1018 365 1246 414 hujusmodi
1271 365 1428 403 celebret
1449 365 1672 415 specialiter
1695 366 1770 415 fes-

67 424 268 462 tivitatem.

121 484 164 522 P.
186 483 273 529 176,
291 483 357 531 lig.
378 481 437 520 27.
463 482 687 519 INSTITUIT.
710 483 761 519 Le
781 482 829 519 20
845 483 931 531 juin
954 483 1054 521 1328
1073 483 1245 533 (Corpus
1265 483 1370 532 juris
1395 483 1589 530 canonici,
1609 483 1769 522 Extrav.

67 556 216 581 comm..
237 541 306 580 lib.
331 541 407 589 ΙΙΙ,
427 541 492 579 tit.
514 555 575 587 xlj.
597 541 752 588 Mollat,
774 556 811 578 n.
833 541 979 589 42435;
1003 541 1179 590 Rinaldi‚
1209 542 1261 579 ad
1284 556 1348 580 an.
1372 542 1485 589 1328,
1511 542 1527 590 ἓ
1547 543 1615 589 47;
1635 543 1688 581 Η.
1709 542 1770 591 L.,

72 609 98 639 t.
127 615 276 647 xxxw,
302 615 340 650 p.
368 599 473 649 535).

123 660 165 697 P.
191 659 278 705 176,
299 659 365 708 lig.
389 658 450 697 25.
474 659 695 696 Pnofflssm
720 672 948 696 DOMINICIS.
973 659 1203 697 Alexander
1228 660 1290 697 ΙΙΙ
1312 659 1351 697 in
1373 660 1516 698 eadem
1545 660 1739 698 decretali
1762 676 1770 698 :

66 718 217 755 Diebus
238 726 367 755 autem
387 717 597 755 dominicis
617 726 650 755 et
670 717 764 754 aliis
784 718 1012 767 praecipuis
1031 718 1323 766 festivitatibus,
1344 718 1424 756 sive
1446 719 1544 756 inter
1564 719 1720 756 Pascha
1739 727 1773 757 et

69 777 330 824 Pentecosten,
353 791 523 825 genuum
541 776 659 825 flexio
679 790 924 825 nequaquam
943 776 1048 814 debet
1068 777 1166 826 fieri,
1189 777 1269 814 nisi
1288 777 1434 827 aliquis
1453 792 1498 815 ex
1516 778 1712 815 devotione
1732 778 1774 816 id

68 836 157 873 velit
179 836 304 884 facere
331 836 373 873 in
396 843 547 873 secreto.
575 835 675 872 Vide
702 834 827 873 etiam
853 835 1069 872 concilium
1096 836 1323 874 Nicaenum
1341 836 1367 884 ¹,
1403 851 1490 875 can.
1518 836 1580 884 20,
1607 845 1646 875 et
1671 837 1770 875 Bur-

69 895 280 941 chardum,
306 894 375 932 lib.
405 894 526 941 XIII,
555 908 641 944 cap.
668 908 723 931 111.

122 954 163 992 P
197 953 284 1000 177,
312 953 379 1002 lig.
421 953 456 991 5.
500 953 652 991 OMNES
695 967 974 991 CARDINQLES.
1017 953 1210 991 Testatur
1248 954 1360 992 istud
1403 954 1537 1004 ipsum
1576 943 1771 993 Benedic-

71 1021 133 1050 tus
154 1013 237 1049 XII
256 1012 366 1062 apud
385 1012 606 1050 Odoricum
627 1012 717 1061 Ra>
721 1012 904 1058 naldum,
923 1025 987 1050 an.
1010 1012 1123 1058 1334,
1149 1012 1164 1060 ἓ
1183 1012 1243 1050 36.
1265 1013 1395 1050 Certa
1401 1021 1462 1051 est
1479 1022 1619 1051 autem
1638 1014 1771 1052 obser-

67 1071 181 1109 vatio
205 1071 412 1121 scriptoris
434 1071 551 1108 istius
575 1071 700 1117 vitae,
720 1043 912 1108 nimirum
932 1071 1135 1109 Joannem
1151 1071 1389 1120 Gaytanum
1412 1079 1452 1109 et
1470 1072 1771 1122 Neapoleonem

69 1130 263 1168 Ursinum
288 1130 395 1168 inter
421 1144 486 1168 eos
514 1144 594 1167 non
621 1130 838 1168 numerari.
868 1129 1086 1167 Manifesta
1113 1138 1174 1168 est
1199 1144 1320 1179 porro
1347 1145 1467 1168 causa
1496 1145 1565 1168 cur
1592 1132 1771 1169 Joannes

71 1203 150 1226 non
170 1189 361 1227 adfuerit.
385 1188 524 1227 Rediit
543 1188 650 1226 enim
669 1203 719 1227 ex
736 1188 939 1238 legatione
964 1188 1106 1226 Italica
1125 1196 1219 1238 post
1238 1197 1412 1227 mortem
1436 1190 1606 1227 Joannis
1625 1204 1771 1240 papae,

68 1256 115 1285 ut
134 1262 270 1298 supra,
293 1248 336 1298 [t.
359 1246 386 1296 ι]
409 1262 447 1298 p.
469 1248 556 1291 176,
575 1248 824 1285 adnotatum
841 1255 914 1285 est.

122 1307 165 1345 P.
203 1307 290 1353 177,
325 1306 391 1356 lig.
428 1307 488 1345 13.
526 1307 710 1344 JURAVIT
747 1321 793 1344 SE
829 1321 1059 1351 NUNQUAM.
1110 1307 1226 1344 Hanc
1259 1306 1474 1344 historiam
1508 1306 1653 1345 falsam
1687 1322 1772 1346 esse

70 1373 222 1416 putant
245 1365 444 1404 Henricus
466 1366 709 1416 spondanus
731 1374 772 1403 et
791 1365 988 1403 Odoricus
1012 1366 1266 1415 Raynaldus,
1286 1366 1335 1403 ob
1357 1366 1431 1403 hoc
1453 1366 1646 1403 nimirum
1663 1367 1772 1416 quod

70 1425 169 1462 illud
198 1424 489 1474 jusjurandum
519 1439 731 1474 nunquam
763 1425 912 1462 Joanni
945 1424 1072 1461 XXI-I
1104 1425 1314 1474 objectum
1351 1425 1472 1462 fuerit
1510 1439 1532 1462 a
1564 1425 1773 1463 Ludovico

69 1484 230 1521 Bavaro
255 1492 328 1521 aut
352 1483 494 1521 ceteris
520 1483 605 1533 ejus
630 1483 815 1521 inimicis.
848 1483 950 1520 Illud
975 1491 1085 1521 certo
1110 1484 1259 1521 falsum
1277 1483 1291 1505 2
1316 1492 1377 1521 est
1402 1484 1510 1533 quod
1535 1484 1655 1521 isthic
1680 1484 1772 1521 scri-

71 1543 182 1580 bitur
200 1543 404 1581 Joannem
419 1542 461 1580 in
478 1542 673 1581 electione
692 1557 764 1580 sua
780 1542 936 1592 jurasse
956 1542 1206 1592 Neapoleoni
1223 1557 1263 1580 se
1280 1557 1492 1592 nunquam
1510 1557 1773 1580 ascensurum

69 1615 222 1650 equum
243 1602 307 1639 vel
330 1602 487 1638 mulum
510 1601 585 1639 nisi
607 1601 683 1639 iret
709 1602 896 1639 Romam.
925 1602 969 1638 In
993 1601 1056 1639 die
1080 1601 1231 1652 quippe
1251 1601 1525 1639 coronationis
1542 1616 1652 1648 suae,
1670 1616 1773 1652 quae

70 1660 140 1697 diu
158 1668 254 1710 post
273 1660 513 1699 electionem
535 1660 643 1698 facta
664 1669 739 1707 est,
760 1660 978 1710 equitavit,
995 1668 1042 1697 ut
1060 1668 1168 1698 recte
1189 1661 1382 1698 observat
1401 1660 1509 1698 idem
1529 1661 1774 1710 Spondanus

71 1734 120 1756 ex
146 1718 431 1757 continuatore
458 1719 621 1768 Nangii,
646 1719 761 1768 cujus
786 1720 885 1757 haec
910 1728 1006 1756 sunt
1030 1720 1155 1757 verba
1179 1719 1221 1756 in
1244 1727 1358 1757 tomo
1381 1734 1408 1766 1,
1433 1734 1471 1769 p.
1493 1720 1569 1757 428
1595 1735 1601 1756 :
1629 1727 1776 1757 mutato

73 1778 230 1815 nomine
253 1778 455 1816 „Iohannes
475 1778 614 1815 XXII
634 1793 741 1828 papa
763 1786 931 1825 vocatus,
955 1778 1114 1825 ibidem,
1131 1793 1206 1816 sua
1225 1778 1398 1828 suscepit
1419 1778 1610 1827 insignia,
1635 1778 1775 1816 Carolo

72 1837 207 1874 comite
225 1837 445 1884 Marchiae,
463 1837 582 1886 fratre
599 1837 786 1887 Philippi
805 1837 972 1886 regentis
990 1851 1109 1886 regna
1129 1837 1324 1874 Franciae
1342 1846 1375 1875 et
1393 1837 1610 1884 Ncwarrae,
1625 1852 1774 1874 eorum-

72 1910 142 1945 que
157 1896 350 1933 avunculo
365 1895 561 1933 Ludovico
576 1896 808 1933 Ebroicensi
823 1896 958 1934 comite
971 1896 1126 1945 frenum
1143 1896 1231 1946 equi
1246 1896 1310 1933 cui
1328 1896 1523 1934 insidebat
1538 1896 1773 1945 regentibus.

126 1953 168 1993 P.
196 1954 282 2001 177,
312 1955 376 2005 lig.
407 1953 467 1993 20.
497 1955 840 1994 TESTAMENTUM.
873 1956 936 1993 On
961 1970 1010 1993 en
1038 1964 1233 1993 trouvera
1260 1956 1295 1993 le
1322 1963 1436 1993 texte
1467 1955 1567 1992 dans
1595 1956 1640 1994 E.
1673 1954 1774 1993 Albe

75 2012 401 2064 (Quelques-unes
426 2013 490 2050 des
515 2013 709 2051 ‹Iernieres
735 2013 903 2052 volontes
929 2013 973 2050 (Ie
1002 2015 1104 2051 Jean
1133 2015 1284 2061 XXII,
1314 2013 1479 2060 Cahors,
1514 2013 1643 2063 1909).

126 2073 169 2111 P.
196 2073 282 2120 177,
304 2072 371 2122 lig.
396 2072 457 2111 23.
482 2073 654 2111 TERTIA.
688 2073 775 2111 Une
806 2081 901 2111 note
933 2073 1108 2111 extraite
1143 2073 1211 2111 des
1246 2073 1441 2111 Archives
1476 2073 1524 2111 de
1559 2073 1774 2120 Vaucluse,

74 2130 191 2169 fonds
229 2132 283 2169 du
320 2132 503 2182 chapitre
540 2132 860 2182 metropolitain,
890 2132 1106 2182 s'exprime
1134 2132 1236 2170 ainsi
1266 2148 1273 2170 :
1303 2140 1389 2182 post
1426 2147 1538 2169 sacra
1578 2132 1717 2169 audita
1743 2139 1776 2169 et

72 2190 351 2228 eucharistiam
373 2199 607 2241 susceptam,
635 2191 676 2228 in
700 2191 926 2241 crepusculo
951 2191 1042 2238 diei,
1068 2206 1185 2229 orans
1209 2199 1242 2228 et
1265 2191 1451 2241 psallens,
1477 2190 1538 2228 die
1562 2190 1775 2238 (lominica,

71 2248 163 2286 hora
184 2249 308 2297 tertia,
329 2249 540 2296 Avinione,
563 2250 605 2287 in
623 2250 773 2300 palatio
792 2250 1002 2300 apostolico
1021 2264 1067 2288 ex
1085 2250 1156 2287 hac
1174 2250 1253 2287 vita
1273 2249 1568 2298 nonagenarius
1591 2249 1777 2298 migravit

75 2308 135 2356 (L.
169 2308 385 2356 Duhamel,
414 2308 467 2345 Le
495 2308 674 2346 tombeau
702 2309 746 2346 de
777 2309 879 2346 Jean
907 2309 1058 2357 XXII,
1087 2324 1126 2359 p.
1159 2309 1209 2358 1).
1242 2309 1315 2347 Les
1345 2316 1451 2346 mots
1481 2308 1706 2357 crepusculo
1735 2314 1776 2345 et

75 2366 166 2404 hora
188 2366 300 2404 tertia
318 2382 366 2405 ne
384 2376 567 2417 peuvent
585 2367 822 2406 s'accorder.

129 2425 170 2463 P.
205 2425 292 2473 179,
322 2425 388 2475 lig.
421 2426 455 2465 6.
489 2426 623 2464 RAT10
655 2441 803 2465 RECTA.
835 2426 990 2477 Corpus
1018 2426 1123 2476 juris
1152 2426 1346 2473 canonici,
1377 2426 1588 2474 Extravag.
1623 2439 1775 2471 comm.,

76 2483 144 2522 lib.
168 2484 244 2532 ΙΙΙ,
262 2484 327 2523 tit.
346 2499 404 2524 1x.

129 2543 171 2581 P.
193 2543 279 2591 181,
307 2543 373 2593 lig.
404 2543 464 2583 10.
489 2544 734 2582 DURANDUS
758 2558 983 2582 Episcopus
1008 2544 1236 2590 Meldensis,
1260 2544 1307 2581 de
1337 2557 1416 2592 quo
1441 2543 1539 2581 haec
1571 2542 1777 2580 habentur

76 2601 186 2651 apud
211 2602 466 2640 Bernardum
494 2602 691 2641 Gnidonis
717 2602 759 2641 in
785 2603 972 2652 Catalogo
999 2603 1276 2652 magistrorum
1304 2602 1347 2639 in
1373 2601 1563 2650 theologia
1589 2599 1778 2638 Parisius

76 2668 370 2710 assumptorum
394 2675 440 2698 ea:
464 2661 599 2699 ordine
624 2662 946 2699 Praedicatorum
974 2677 981 2699 :
1010 2662 1147 2699 Frater
1168 2659 1417 2698 Damnatus-⁹»
1442 2660 1486 2697 de
1512 2659 1654 2697 Sancto
1679 2659 1775 2696 Por-

75 2718 203 2766 ciano,
234 2719 568 2757 Claromontensis
597 2720 774 2768 diocesis,
803 2720 882 2770 fuit
919 2721 1142 2762 licentiatus
1171 2733 1276 2757 anno
1302 2718 1469 2756 Domini
1510 2717 1776 2764 MCCCXII,

74 2777 226 2827 fuitque
248 2786 404 2816 vocatus
425 2779 476 2816 ad
496 2778 696 2817 lectionem
717 2779 824 2817 curie
844 2779 948 2817 sacri
970 2779 1113 2829 palatii
1137 2778 1244 2827 infra
1265 2791 1416 2815 annum
1438 2776 1541 2814 circa
1563 2776 1777 2826 quadrage-

125 2920 156 2953 1.
187 2919 318 2960 Mansi,
344 2926 370 2953 t.
393 2932 430 2960 11,
455 2932 490 2964 p.
516 2921 596 2954 678.

151 2973 219 3005 .⁷J
226 2973 260 3006 ai
284 2974 432 3006 montre
457 2973 604 3006 ailleurs
629 2973 992 3007 ¹'invraisemblance
1019 2974 1062 3006 de
1088 2984 1127 3006 ce
1153 2951 1337 3016 pretendu
1362 2947 1526 3004 serment
1554 2970 1616 3014 (Le
1640 2971 1777 3014 Moyen

77 2974 169 3069 Ag2e,
190 3032 216 3058 t.
236 3037 334 3058 xxm
355 3025 477 3068 (1917-
481 3026 602 3069 1918),
621 3038 655 3069 p.
675 3027 760 3060 187-
747 3027 860 3070 -190).

125 3080 159 3112 3.
188 3078 334 3118 Archiv,
356 3083 382 3111 t.
403 3090 440 3117 11,
463 3090 497 3121 p.
521 3079 600 3112 214.
