2083 3458
248 225 331 267 486
889 242 1041 267 NOTAE
1075 242 1136 268 AD
1170 241 1298 267 VITAS
1831 226 1959 283 [969]

252 341 356 377 quae
377 341 497 365 causa
518 341 612 365 eum
631 327 809 365 moverit
829 327 880 364 ad
901 340 991 365 eam
1012 326 1360 377 constituendam.
1393 326 1587 365 Nondum
1608 328 1716 365 enim
1736 328 1837 366 mihi
1857 328 1960 367 bene

250 400 492 437 persuasum
512 395 573 425 est
593 400 735 424 veram
755 401 800 424 ac
821 386 967 424 seriam
989 401 1073 424 esse
1093 386 1375 424 narrationem
1396 400 1500 436 quae
1521 395 1638 425 extat
1657 388 1768 437 apud
1791 388 1961 425 Petrum

255 446 525 493 Dorlandum‚
554 446 623 485 lib.
658 446 711 483 IV
741 445 930 483 Clzronici
958 445 1132 493 Cartus.,
1161 460 1249 496 cap.
1282 460 1368 493 XVI,
1398 459 1523 495 quam
1551 446 1621 483 alii
1649 460 1812 496 quoque
1841 447 1963 485 multi

251 514 346 555 post
364 520 456 543 eum
474 506 661 544 retulere.
683 505 737 542 Et
754 506 887 555 primo
907 505 1075 555 quidem
1098 505 1363 543 Innocentius
1382 505 1463 543 illic
1480 506 1625 555 posuit·
1638 520 1767 544 unum
1784 506 1964 556 priorem

254 572 293 603 et
325 565 542 603 duodecim
573 564 796 602 monachos
828 565 1138 612 conventuales,
1165 564 1266 602 duos
1292 564 1389 602 alios
1422 565 1598 603 servitiis
1630 565 1891 604 infirmorum
1923 573 1964 604 et

254 624 450 661 debilium
466 624 717 672 insistentes,
736 624 838 662 duos
857 624 1021 662 clericos
1038 632 1302 674 nuncupatos
1319 624 1516 672 redditos,
1535 638 1580 662 ac
1600 633 1779 674 quatuor
1796 639 1962 663 conver-

252 698 330 731 sos,
348 692 388 721 et
403 698 553 722 novem
568 684 786 722 servitores
804 684 856 721 ad
876 683 1092 722 servitium
1107 683 1251 733 prioris
1268 692 1308 722 et
1326 683 1623 722 monachorum
1639 684 1961 734 praedictorum.

252 743 398 781 Postea
430 743 574 781 Petrus
603 743 652 781 de
680 743 920 782 Monteruco
948 743 1165 781 cardinalis
1193 757 1302 781 anno
1330 743 1637 781 MCCCLXXII
1673 743 1836 781 addidit
1863 744 1964 782 alios

254 802 471 841 duodecim
502 803 871 851 conventuales,et
901 802 1002 841 alios
1034 802 1135 840 duos
1167 803 1219 840 ad
1251 802 1515 841 serviendum
1544 802 1719 840 infirmis
1752 811 1792 841 et
1823 803 1965 841 debili-

252 862 343 909 bus,
371 862 472 900 duos
500 862 664 900 clericos
691 870 954 913 nuncupatos
980 862 1179 910 redditos,
1207 871 1248 901 et
1275 870 1456 912 quatuor
1482 877 1714 910 conversos,
1742 876 1789 900 ac
1814 877 1966 901 novem

252 922 428 959 famulos
473 922 525 959 ad
570 922 787 960 servitium
831 922 1070 960 corumdem
1113 921 1259 972 prioris
1304 930 1345 960 et
1389 922 1699 967 monachorum,
1747 922 1965 961 Praeterea

253 981 487 1031 Stephanus
526 981 686 1020 Alberti
725 981 942 1020 cardinalis
983 982 1315 1020 Carcassonensis
1356 981 1558 1031 quasdam
1597 981 1716 1020 cellas
1755 980 1966 1020 aedificari

254 1040 485 1089 mandavit,
512 1040 710 1090 deditque
742 1049 962 1092 propterea
988 1040 1267 1079 MCCCLXIV
1304 1040 1477 1079 florenos
1511 1041 1600 1079 auri
1625 1049 1666 1079 et
1699 1049 1780 1078 tres
1807 1055 1964 1090 grossos

255 1101 426 1150 argenti.
457 1101 569 1139 Haec
595 1109 762 1151 sumpta
789 1109 886 1139 sunt
912 1115 962 1139 ex
992 1100 1197 1138 Veteribus
1224 1101 1490 1138 monumentis
1515 1100 1701 1150 ejusdem
1726 1100 1966 1139 monasterii

255 1160 307 1197 ad
337 1174 409 1198 nos
440 1161 536 1198 olim
565 1160 697 1198 missis
716 1160 743 1200 1.

309 1220 351 1259 P.
382 1219 472 1268 328,
501 1220 567 1270 lig.
599 1219 660 1259 23.
695 1220 773 1258 UBI
803 1234 828 1257 Α
849 1234 1060 1258 PRINCIPIO
1092 1234 1361 1259 STUDUERAT.
1386 1219 1519 1269 Hujus
1548 1219 1605 1258 rei
1626 1220 1743 1258 testis
1774 1228 1835 1259 est
1856 1219 1966 1258 omni

256 1280 497 1329 exceptione
534 1279 667 1329 maj0r
693 1280 780 1331 ipse
821 1279 1084 1318 Innocentius
1113 1279 1154 1317 in
1182 1279 1328 1316 Literis
1355 1279 1584 1329 apostolicis
1602 1278 1616 1301 2
1644 1279 1693 1318 de
1720 1280 1968 1317 fundatione

258 1339 415 1389 collegii
440 1339 476 1378 S.
504 1339 703 1378 Martialis
728 1338 900 1377 Tolosae
927 1354 933 1377 :
961 1339 1013 1376 In
1036 1339 1191 1377 civitate
1217 1338 1491 1387 Tolosanensi,
1515 1339 1666 1388 inquit,
1701 1339 1744 1376 in
1767 1353 1844 1389 qua
1867 1337 1970 1388 viget

257 1399 455 1436 doctorum
481 1398 638 1448 jurium
665 1399 845 1436 studium
875 1399 1065 1448 generale,
1097 1412 1290 1448 quamque
1319 1398 1483 1447 diligere
1521 1398 1729 1448 precipuis
1758 1398 1966 1448 affectibus

257 1458 495 1507 obligamur,
517 1459 611 1496 dum
632 1466 745 1507 grata
764 1458 1043 1496 memoratione
1063 1458 1271 1495 recolimus
1292 1458 1394 1508 quod
1413 1457 1553 1495 civitas
1574 1458 1665 1507 ipsa
1685 1472 1756 1496 nos
1775 1457 1825 1495 ab
1845 1457 1969 1495 annis

256 1518 398 1555 teneris
414 1533 484 1555 sue
501 1518 673 1556 doctrine
691 1518 786 1556 lacte
803 1517 917 1566 aluit,
937 1533 982 1555 ac
998 1518 1222 1555 succedente
1239 1525 1347 1565 etate,
1366 1525 1454 1567 post
1479 1525 1648 1567 receptos
1665 1532 1735 1567 per
1752 1532 1823 1555 nos
1839 1516 1967 1567 pluri-

258 1591 340 1615 mos
359 1577 522 1615 honores
544 1578 587 1615 in
606 1578 752 1625 eadem,
774 1576 959 1615 doctorali
981 1577 1024 1615 in
1041 1577 1130 1626 jure
1150 1576 1260 1614 civili
1279 1576 1491 1614 eminentie
1511 1577 1623 1615 titulo
1640 1576 1866 1626 insignivit,
1888 1584 1965 1615 etc.

261 1637 357 1675 Fuit
375 1651 523 1687 nempe
541 1637 746 1687 professor
763 1637 900 1687 legum
917 1637 959 1674 in
977 1637 1189 1675 academia
1203 1636 1420 1684 Tolosana,
1440 1636 1501 1674 uti
1519 1650 1642 1686 supra
1659 1651 1698 1686 p.
1719 1636 1796 1674 923
1808 1637 1968 1675 dictum

260 1705 333 1736 est.

313 1756 355 1796 P.
383 1756 472 1804 328,
497 1756 564 1805 lig.
592 1756 653 1795 24.
671 1756 709 1795 S.
729 1754 993 1793 MARTIAL1s3
1013 1756 1123 1805 quod
1150 1763 1437 1794 constructum
1455 1755 1535 1793 fuit
1558 1755 1599 1793 in
1624 1755 1795 1794 aedibus
1819 1755 1969 1793 nobilis

259 1816 335 1853 viri
366 1815 571 1854 Guillelmi
601 1815 739 1853 Pontii
761 1815 810 1854 de
840 1815 1048 1863 Morlanis,
1070 1815 1111 1852 in
1142 1815 1290 1865 quibus
1310 1814 1520 1853 habitasse
1550 1815 1646 1852 olim
1679 1814 1969 1853 lnnocentium

260 1875 387 1913 habet
408 1875 581 1924 antiqua
602 1875 787 1914 traditio.
814 1875 973 1925 Incepit
993 1883 1136 1913 autem
1157 1889 1241 1913 esse
1263 1874 1478 1924 collegium
1499 1888 1607 1912 anno
1629 1873 1882 1922 MCCCLIX,
1905 1874 1969 1911 die

261 1948 302 1971 xl
334 1934 581 1973 novembris.
616 1934 679 1972 Sic
710 1934 819 1972 enim
848 1934 998 1984 legitur
1027 1934 1068 1971 in
1105 1934 1232 1971 Veteri
1263 1933 1363 1970 libro
1395 1933 1579 1983 ejusdem
1619 1933 1776 1983 collegii
1808 1950 1815 1971 ε
1847 1934 1969 1970 Anno

255 1993 422 2031 Domini
450 1993 723 2042 MCCCLLY,
750 1994 812 2031 die
835 2001 885 2026 XI
907 1993 1054 2031 mensis
1080 1993 1314 2041 novembris,
1341 2007 1412 2042 que
1434 1992 1515 2042 suit
1547 1993 1651 2041 lune,
1679 1993 1722 2030 in
1745 1993 1841 2042 sesto
1869 1992 1970 2030 beati

258 2053 446 2100 Adartini,
484 2053 527 2090 in
561 2054 672 2091 domo
706 2053 843 2091 Sancti
878 2053 1088 2090 Martialis
1133 2052 1269 2090 Tolose
1302 2066 1371 2102 per
1402 2052 1702 2089 sanctissimum
1737 2052 1780 2089 in
1814 2051 1970 2090 Christo

258 2121 408 2161 patrem
443 2121 476 2149 et
510 2113 716 2153 dominum
752 2112 929 2150 nostrum
973 2112 1179 2150 dominum
1218 2111 1495 2149 Innocentium
1539 2111 1678 2149 divina
1720 2111 1970 2161 providentia

258 2186 409 2221 papam
438 2180 590 2209 seoetum
621 2172 665 2209 de
696 2186 793 2209 novo
822 2172 993 2221 fundata
1021 2171 1185 2221 fuerunt
1215 2171 1440 2219 introducti,
1472 2178 1506 2208 et
1534 2170 1677 2220 recepti
1714 2170 1908 2208 scholares
1937 2178 1971 2207 et

257 2232 472 2268 sacerdotes
502 2239 536 2268 et
568 2231 795 2269 inchoatum
825 2232 1001 2280 regimen
1032 2231 1129 2268 dicte
1161 2231 1312 2278 domus,
1345 2238 1379 2268 et
1410 2230 1595 2267 dominus
1641 2229 1895 2267 Guilliermus
1927 2230 1971 2266 de

260 2290 490 2339 Marnagus
513 2299 547 2328 et
570 2291 757 2339 magister
779 2291 922 2328 Helias
947 2291 991 2328 de
1018 2290 1150 2327 Trolio
1182 2290 1375 2327 scholares
1400 2289 1577 2339 deputati
1600 2289 1752 2339 priores
1775 2303 1847 2338 pro
1870 2288 1970 2337 regi-

261 2350 366 2386 mine
396 2350 545 2398 prefate
576 2351 714 2387 domus
742 2350 858 2399 juxta
888 2350 1158 2387 ordinationes
1189 2349 1282 2386 dicti
1322 2348 1475 2386 domini
1513 2363 1628 2398 pape.
1665 2349 1771 2386 Hinc
1805 2347 1969 2386 fluxisse

260 2398 436 2446 arbitror
454 2417 664 2447 vetustam
686 2409 1027 2448 consuetudinem
1045 2417 1092 2446 ut
1112 2408 1334 2458 quotannis
1352 2408 1394 2445 in
1412 2408 1625 2458 perviligio
1643 2408 1776 2446 sancti
1804 2406 1970 2445 Martini

260 2482 364 2505 unus
397 2483 416 2506 6
448 2468 700 2506 scholaribus
734 2469 963 2507 orationem
994 2469 1169 2506 latinam
1209 2467 1363 2505 habeat
1403 2467 1454 2504 ad
1495 2467 1624 2505 socios
1657 2475 1753 2505 ante
1785 2480 1968 2505 coenam.

262 2527 381 2565 Anno
404 2527 620 2565 MCCCLX
641 2528 794 2577 priores
817 2536 935 2566 erant
955 2528 1066 2565 idem
1087 2527 1329 2565 Guillelmus
1352 2526 1400 2564 de
1423 2525 1642 2575 Marnagus
1666 2534 1707 2564 et
1728 2526 1968 2564 Guillelmus

264 2585 449 2624 Jordani.
485 2586 621 2624 Socios
655 2601 750 2625 vero
784 2587 970 2636 ejusdem
1002 2586 1172 2636 collegii,
1207 2600 1308 2635 quos
1334 2585 1487 2635 primos
1514 2585 1638 2623 fuisse
1669 2585 1884 2623 institutos
1917 2583 1969 2621 ab

268 2645 507 2683 Innocentio
537 2646 656 2684 valde
686 2646 905 2684 verisimile
935 2654 1010 2693 est,
1040 2646 1185 2683 eodem
1214 2659 1321 2682 anno
1351 2645 1423 2682 hos
1462 2644 1585 2682 fuisse
1622 2644 1792 2694 reperio,
1822 2643 1969 2693 magis-

263 2711 373 2741 trum
400 2704 663 2743 Guillelmum
690 2706 859 2743 Galterii
886 2705 1164 2743 baccalarium
1188 2704 1229 2741 in
1255 2703 1442 2751 decretis,
1469 2702 1726 2741 Bernardum
1751 2702 1968 2750 Cellerarii,

264 2762 467 2800 „loannem
484 2763 532 2800 de
549 2764 669 2811 Ceno,
689 2764 858 2803 Petrum
875 2764 1088 2811 Guidonis,
1107 2764 1275 2801 Petrum
1294 2762 1504 2810 Veruhini,
1531 2762 1754 2801 Geraldum
1771 2761 1968 2809 Lastorie‚

266 2821 561 2869 Hayrnundum
595 2822 789 2871 Mimenii,
824 2824 1088 2862 Guilhalmon
1121 2822 1254 2869 Teste,
1291 2821 1536 2859 Durandum
1566 2821 1763 2871 Belhuga,
1808 2821 1969 2859 Heliam

312 2963 341 2994 1.
373 2963 411 2995 1⁷3.
441 2963 496 3002 N„
523 2975 588 2997 ms.
615 2965 749 2998 Baluze
774 2965 832 3005 20,
857 2966 918 2999 fol.
945 2966 990 2999 46
1013 2970 1056 2999 r0.
1086 2959 1100 2972 ⁹

314 3018 342 3047 2.
371 3015 416 3048 M.
446 3016 633 3057 Fournier,
658 3018 803 3059 Statuts,
827 3025 852 3052 t.
872 3031 896 3059 1,
920 3031 955 3063 p.
978 3020 1059 3052 572.

311 3070 342 3100 3.
366 3068 411 3101 M.
436 3068 623 3110 Fouinicr,
647 3071 792 3111 Statuts,
815 3078 840 3105 t.
860 3084 884 3112 1,
905 3084 940 3105 n.
963 3073 1030 3105 617
1055 3072 1183 3115 (bulles
1205 3072 1254 3104 du
1274 3071 1326 3103 1³¹
1343 3070 1554 3114 septembre
1574 3069 1696 3114 1359).
1715 3088 1764 3093 —-
1782 3069 1852 3102 Sur
1870 3068 1970 3102 l’his-

262 3120 352 3153 toirc
383 3122 430 3153 du
461 3122 605 3165 college,
638 3124 717 3157 voir
744 3125 907 3158 Histoire
934 3126 975 3159 de
1001 3125 1218 3168 Languedoc
1248 3124 1287 3168 (t.
1316 3135 1369 3163 IX,
1400 3136 1434 3168 p.
1466 3123 1562 3167 639).
2002 3118 2011 3125 ’Ξ
