2083 3458
67 160 191 218 [577]
601 176 819 204 PAPARUM
855 171 1240 200 AVENIONENSIUM
1705 162 1758 203 35

786 234 799 249 b

53 276 125 300 rex
149 263 302 301 habeat
323 264 535 310 multrum,
555 269 722 312 raptum
738 268 779 298 et
799 257 1066 297 homicidium
1085 256 1128 295 in
1151 257 1279 306 burgo
1301 257 1479 308 episcopi
1506 258 1753 299 Parisiensis.

55 321 270 360 Praeterea
292 322 336 361 in
356 322 483 361 literis
507 320 693 371 magistri
716 317 908 367 Ardengi‚
933 315 1117 355 canonici
1141 315 1364 366 Papiensis,
1389 316 1437 355 de
1461 317 1755 367 compositione

53 379 163 419 facta
187 379 296 419 inter
321 381 585 420 Guillelmum
610 379 848 430 episcopum
875 375 1143 414 Parisiensem
1169 383 1210 414 et
1235 375 1436 413 decanum
1462 383 1503 414 et
1528 376 1754 427 capitulum

54 439 193 477 Sancti
218 440 412 479 Germani
436 437 805 479 Autissiodorensis
831 450 939 474 anno
960 434 1261 474 MCCXXVIII
1285 434 1441 473 mentio
1460 435 1637 474 habetur
1657 437 1754 475 dua-

51 512 142 536 rum
165 499 486 549 capellaniarum
507 498 550 537 in
582 496 750 537 ecclesia
775 495 916 535 Sancti
939 493 1154 533 Eustachii
1183 493 1472 532 institutarum
1496 508 1518 532 a
1549 494 1755 533 Guillelmo

51 557 250 607 Pongente
275 558 449 598 asinum.
478 557 691 608 Philippus
720 555 909 593 Labbeus
935 553 978 592 in
1014 551 1301 592 dissertatione
1336 552 1530 591 historica
1557 554 1606 592 de
1633 555 1754 606 scrip-

50 615 208 654 toribus
245 616 531 656 ecclesiasticis
580 617 634 667 [p.
670 614 770 665 597]
808 614 868 652 ait
904 627 999 652 eum
1025 612 1233 663 scripsisse
1270 620 1413 650 contra
1452 613 1753 663 corruptorium

51 674 261 714 doctrinae
290 676 423 714 sancti
451 677 633 714 Thomae
663 672 896 724 Aquinatis.
928 671 1028 722 Ejus
1058 679 1263 710 tractatus
1289 671 1349 709 De
1376 679 1560 721 potestate
1585 672 1695 722 regia
1722 682 1754 711 et

50 734 192 785 papali
223 743 341 773 extat
373 750 447 773 ms.
480 734 523 774 in
556 734 693 773 codice
725 732 829 772 3849
861 731 1134 770 bibliothecae
1168 730 1425 769 Colbertinae
1444 731 1473 779 ¹,
1517 731 1603 782 [lat.
1636 731 1753 779 4364,

49 793 77 832 f.
103 793 123 831 1
142 794 223 832 r0-4
243 794 320 845 r0].

103 853 147 891 P.
178 852 214 895 2,
244 853 311 903 lig.
344 853 404 891 16.
438 854 702 891 POSITIONEM
734 865 899 889 NOVAM.
931 849 1081 888 Aiebat
1110 849 1219 888 enim
1248 848 1527 887 substantiam
1556 850 1673 900 panis
1711 850 1753 888 in

49 912 320 951 eucharistiae
353 920 611 951 sacramento
645 925 808 949 manere
843 910 918 947 sub
953 909 1234 947 accidentibus
1269 907 1364 956 suis,
1399 923 1481 947 non
1514 908 1556 946 in
1589 910 1752 960 proprio

49 971 277 1022 supposito,
298 972 368 1010 sed
388 979 568 1010 tractam
588 971 640 1008 ad
662 984 746 1008 esse
767 977 808 1008 et
828 968 1089 1019 suppositum
1109 967 1273 1015 Christi,
1294 975 1342 1005 ut
1361 967 1417 1024 sic
1437 967 1491 1005 sit
1510 982 1640 1006 unum
1660 983 1752 1019 sup—

48 1031 232 1081 positum
251 1030 294 1069 in
316 1031 476 1069 duabus
497 1029 668 1068 naturis.
694 1030 812 1067 Hanc
832 1042 929 1066 vero
951 1026 1338 1066 determinationem
1362 1026 1533 1065 Joannis
1564 1027 1612 1066 de
1643 1028 1752 1066 Pari-

48 1088 129 1128 sius
156 1104 207 1128 ex
226 1089 356 1128 veteri
370 1089 508 1128 codice
527 1104 600 1128 ms.
623 1087 763 1127 Sancti
789 1086 964 1125 Victoris
993 1086 1227 1125 Parisiensis
1254 1085 1358 1137 [428,
1381 1086 1464 1137 auj.
1489 1086 1594 1126 latin
1610 1086 1752 1134 14889,

48 1148 76 1187 f.
110 1148 159 1187 70
186 1149 248 1199 ΓΟ]
282 1148 412 1187 edidit
454 1148 630 1187 Londini
669 1162 777 1186 anno
811 1146 1153 1185 MDCLXXXVI
1201 1145 1263 1183 vir
1305 1145 1564 1184 doctissimus
1608 1146 1751 1185 Petrus

48 1207 169 1246 Allix.
192 1208 239 1246 In
255 1223 300 1246 eo
316 1223 437 1259 porro
453 1208 557 1246 libro
576 1207 770 1254 JoanneS,
787 1214 835 1243 ut
850 1220 967 1244 suam
985 1205 1219 1255 opinionem
1237 1205 1453 1243 confirmet
1469 1204 1595 1243 etiam
1611 1213 1750 1243 aucto-

47 1265 170 1307 ritate
193 1267 409 1305 doctorum
432 1267 615 1305 virorum
637 1280 734 1305 suae
756 1264 920 1312 aetatis,
942 1264 1001 1302 ita
1024 1263 1166 1302 scribit
1188 1279 1227 1314 p.
1250 1264 1320 1302 97:
1341 1263 1615 1313 Confirmatur
1634 1264 1752 1302 etiam

47 1340 116 1376 per
145 1327 313 1364 doctores
345 1327 560 1373 modernos,
593 1325 688 1376 quia
719 1324 905 1374 magister
941 1323 1070 1362 Guido
1101 1324 1146 1361 de
1177 1323 1377 1373 Cluoigny
1408 1323 1678 1361 determinavit
1710 1324 1752 1361 in

46 1385 242 1435 quodlibet
262 1400 405 1436 corpus
427 1385 578 1423 Christi
599 1399 680 1423 esse
704 1384 747 1422 in
768 1383 888 1422 altari
910 1397 979 1433 per
1000 1382 1326 1432 assumptionem,
1349 1390 1384 1420 et
1404 1382 1588 1420 similiter
1608 1398 1752 1433 panem

45 1458 126 1482 esse
152 1459 293 1495 corpus
320 1445 469 1483 Christi
496 1459 565 1495 per
593 1444 826 1482 idiomatum
853 1442 1247 1481 communicationem
1273 1450 1307 1480 et
1342 1441 1443 1479 dixit
1469 1443 1571 1492 quod
1595 1442 1631 1479 si
1658 1451 1751 1480 esset

45 1518 167 1554 papa,
195 1505 296 1554 quod
320 1504 568 1554 confirmaret
592 1518 690 1542 eam.
721 1503 842 1541 Hunc
869 1501 1100 1541 Guidonem
1127 1501 1304 1539 Thomas
1325 1500 1552 1539 Waldensis
1578 1500 1621 1540 in
1646 1509 1750 1539 trac-

46 1570 140 1601 tatu
158 1563 207 1602 de
225 1563 506 1611 sacramentis,
526 1577 614 1613 cap.
630 1577 672 1600 111
692 1563 719 1609 ²,
738 1562 1036 1612 interpretatur
1055 1561 1103 1599 de
1126 1561 1306 1611 quodam
1325 1559 1511 1598 Guidone
1531 1561 1749 1599 Carmelita

45 1621 107 1660 his
129 1622 264 1661 verbis
290 1638 297 1660 ;
325 1623 377 1660 Et
398 1622 501 1660 credi
522 1630 646 1673 potest
669 1621 855 1659 similiter
879 1620 1090 1670 deliquisse
1118 1615 1316 1658 Jbannem
1337 1619 1608 1657 Parisiensem
1640 1620 1751 1657 verbo

45 1681 201 1731 quando
221 1681 384 1732 scripsit
406 1681 450 1719 in
471 1690 636 1720 tractatu
657 1696 729 1719 suo
752 1680 1005 1719 determinato
1027 1679 1129 1717 hanc
1151 1679 1257 1717 viam
1281 1678 1571 1728 impanationis
1592 1680 1645 1717 ad
1665 1687 1749 1717 tan-

45 1748 128 1778 tum
156 1741 355 1791 placuisse
384 1741 529 1779 doctori
566 1740 742 1779 Guidoni
773 1739 896 1778 nostri
926 1739 1080 1777 ordinis
1108 1739 1278 1788 fratrum
1308 1737 1627 1786 Carmelitarum‚
1659 1747 1751 1776 tunc

45 1799 201 1850 quidem
219 1800 349 1838 lectori
366 1800 471 1838 sacri
489 1800 646 1850 palatii,
668 1808 709 1838 ut
726 1799 762 1837 si
779 1800 876 1849 soret
893 1814 1016 1849 papa,
1038 1798 1169 1849 ipsam
1187 1799 1401 1836 decerneret
1417 1798 1650 1847 eligendam.
1672 1798 1748 1836 Sed

45 1858 135 1908 quis
154 1858 279 1898 fuerit
295 1859 360 1898 hic
380 1859 513 1898 Guido
533 1859 766 1906 Carmelita,
785 1858 829 1897 in
847 1858 1018 1897 obscuro
1038 1865 1111 1896 est.
1134 1857 1276 1907 Neque
1295 1856 1403 1895 enim
1421 1856 1594 1907 intelligi
1611 1865 1750 1907 potest

43 1918 93 1956 de
114 1918 301 1957 Guidone
321 1918 512 1969 episcopo
535 1918 766 1957 Helenensi.
790 1918 949 1968 Quippe
970 1932 1052 1955 non
1072 1917 1301 1955 vocabatur
1322 1915 1456 1955 Guido
1477 1916 1525 1954 de
1548 1915 1748 1965 Cluvigni,

45 1977 113 2015 sed
136 1977 270 2016 Guido
284 1977 461 2016 Terreni.
476 1978 631 2016 Auctor
643 1986 783 2016 tamen
795 1977 999 2015 Historiae
1020 1975 1288 2014 universitatis
1302 1975 1452 2023 Paris.,
1467 1983 1497 2014 t.
1511 1990 1568 2023 1v,
1581 1990 1636 2026 p..
1660 1975 1747 2022 197,

43 2035 340 2087 interpretatur
366 2037 415 2075 de
443 2037 629 2076 Guidone
657 2036 886 2087 Papiniano
913 2035 998 2074 sive
1025 2036 1074 2082 de
1102 2035 1362 2086 Perpiniano,
1389 2034 1431 2073 id
1458 2042 1533 2082 est,
1561 2034 1747 2073 Guidone

43 2095 221 2144 Terreni,
241 2096 311 2147 qui
328 2097 452 2146 vulgo
471 2104 645 2135 vocatur
665 2095 798 2135 Guido
819 2096 868 2134 de
888 2095 1133 2146 Perpiniano
1147 2094 1175 2133 3.

92 2205 123 2238 1.
145 2205 242 2238 Jean
263 2206 306 2238 de
328 2204 444 2244 Paris,
467 2205 523 2238 dit
544 2204 717 2246 Quidort‚
735 2205 815 2238 doit
835 2207 912 2237 etre
934 2204 1123 2247 distingue
1144 2204 1187 2236 de
1208 2203 1306 2236 Jean
1326 2201 1518 2241 Poinlfane,
1540 2202 1634 2235 ainsi
1655 2203 1745 2246 qu'il

42 2265 180 2291 ressort
202 2259 245 2291 de
267 2259 500 2291 l’excellente
522 2258 741 2302 biographie
764 2270 836 2302 que
857 2258 908 2290 lui
930 2269 951 2290 a
965 2259 1161 2291 consacree
1178 2257 1259 2300 Mgr
1275 2256 1496 2290 Grabmann
1514 2256 1682 2298 (Studien
1702 2268 1745 2288 zu

43 2310 232 2345 ..Iohannes
248 2311 402 2355 Quidort
417 2323 485 2344 von
500 2312 613 2345 Paris
629 2312 669 2345 O.
689 2312 745 2350 Ρ.,
766 2312 858 2344 dans
875 2311 1206 2354 Sitzungsberichte
1217 2311 1277 2343 der
1287 2310 1533 2353 Bayerischen
1544 2309 1746 2342 Akademie

42 2364 102 2397 der
134 2365 454 2408 Wissenschajten,
481 2365 781 2409 Philosophische
813 2363 958 2405 Klasse,
985 2364 1151 2403 Munich,
1178 2364 1298 2407 1922.)
1327 2361 1378 2396 Le
1413 2364 1533 2396 meme
1563 2368 1699 2395 auteur
1724 2374 1744 2395 a

41 2419 216 2452 enumere
231 2419 282 2451 les
299 2418 422 2452 divers
438 2419 665 2452 manuscrits
682 2430 824 2452 connus
841 2419 905 2462 qui
921 2418 1168 2451 contiennent
1183 2418 1233 2450 les
1250 2417 1341 2449 trois
1359 2427 1540 2459 ouvrages
1558 2416 1744 2448 mention-

42 2473 105 2504 nes
127 2483 196 2515 par
217 2472 354 2505 Baluze
378 2483 384 2503 ε
408 2473 440 2505 18
464 2472 728 2506 Correctorium
747 2472 966 2515 corruptorii
983 2471 1110 2514 fratris
1133 2471 1303 2510 Thomae,
1326 2481 1398 2502 une
1418 2469 1682 2502 Determinatio
1704 2469 1745 2501 de

43 2525 145 2558 modo
168 2525 346 2559 existendi
368 2526 530 2569 corporis
555 2525 693 2559 Christi
719 2526 759 2559 in
781 2531 1006 2558 sacramento
1030 2525 1159 2558 altaris
1183 2531 1221 2557 et
1245 2524 1277 2557 18
1300 2523 1355 2555 De
1379 2522 1557 2555 Potestate
1580 2522 1681 2564 regia
1714 2527 1745 2554 et

43 2578 173 2625 papali
190 2578 259 2622 (op.
276 2579 348 2618 cit.,
365 2591 400 2622 p.
417 2579 540 2618 12-19,
558 2579 695 2622 29-31).
713 2579 760 2612 Ce
776 2579 923 2612 dernier
937 2578 1050 2612 traite
1066 2590 1087 2611 a
1102 2579 1161 2611 ete
1176 2577 1303 2620 publie
1319 2588 1386 2619 par
1402 2575 1572 2614 Goldast,
1590 2575 1744 2607 Monar-

42 2631 143 2664 chiae
156 2632 301 2665 romani
317 2632 484 2675 Imperii,
502 2639 528 2665 t.
545 2645 583 2672 11,
606 2644 640 2676 p.
658 2633 830 2666 108-147.
859 2652 909 2655 -
939 2632 986 2665 M.
1007 2632 1045 2665 P.
1065 2631 1242 2665 Glorieux
1262 2630 1329 2672 (La
1353 2630 1549 2662 litterature
1563 2628 1745 2671 quodlibe-

42 2685 137 2728 tique
153 2685 194 2717 de
210 2683 306 2718 1260
322 2687 344 2718 ἀ
360 2684 467 2725 1320,
486 2697 521 2729 p.
539 2686 620 2729 229)
640 2695 661 2717 a
678 2686 819 2729 signale
835 2686 871 2718 la
888 2687 1064 2729 presence
1081 2685 1173 2717 d’un
1190 2683 1380 2726 Quodlibet
1397 2683 1440 2714 dc
1458 2682 1554 2714 Jean
1575 2682 1619 2713 de
1639 2679 1742 2714 Paris

43 2738 135 2771 dans
149 2738 181 2771 le
196 2750 264 2771 ms.
280 2738 375 2771 latin
390 2737 511 2772 14572
525 2739 619 2772 dela
633 2739 899 2782 Bibliotheque
913 2739 1105 2771 nationale
1121 2738 1165 2769 de
1182 2737 1297 2775 Paris,
1313 2736 1375 2768 fol.
1392 2734 1526 2767 1r0-4r0
1540 2733 1590 2765 du
1604 2735 1742 2767 second

42 2802 109 2824 ms.
131 2810 180 2814 ——
200 2791 270 2824 Sur
290 2792 388 2824 Jean
408 2799 446 2825 et
477 2792 689 2825 Guillaume
713 2792 892 2825 Poinlane
915 2791 960 2825 cf.
983 2791 1130 2830 Archiv,
1154 2796 1181 2823 t.
1212 2802 1250 2829 11,
1273 2801 1308 2832 p.
1342 2789 1512 2827 204-205,
1534 2794 1573 2820 et
1595 2787 1742 2820 Denisse

42 2849 80 2876 et
98 2843 306 2883 Chatelain,
328 2844 615 2885 Chartularium,
635 2852 662 2879 t.
680 2858 718 2885 11,
739 2857 774 2879 n.
795 2847 876 2879 656.

91 2895 123 2930 2.
138 2897 414 2941 Antiquitatum
429 2899 515 2941 fidei
528 2897 723 2932 catholicae
736 2899 920 2932 Ecclesiae
943 2897 1138 2931 doctrinale
1153 2896 1193 2929 de
1205 2895 1454 2933 sacramentis,
1470 2894 1617 2932 Venise,
1634 2894 1739 2933 1758,

44 2955 70 2983 t.
85 2962 123 2989 11,
140 2962 175 2993 p.
191 2951 273 2984 391.

91 3004 124 3036 3.
147 3003 178 3036 11
197 3016 242 3037 ne
261 3010 354 3047 peut
373 3004 486 3047 s'agir
504 3005 550 3038 ici
571 3005 614 3038 de
636 3005 707 3038 Gui
728 3006 772 3038 de
793 3000 955 3037 Terrena
976 3004 1069 3036 dont
1088 3003 1120 3035 le
1140 3001 1301 3045 premier
1320 3000 1510 3043 Quodlibet
1528 3005 1698 3033 remonte
1719 3000 1739 3031 a

43 3054 188 3090 l'annee
203 3057 296 3090 1313
313 3058 416 3090 selon
431 3057 479 3091 M.
498 3057 675 3091 Glorieux
695 3058 762 3101 (La
776 3058 973 3091 litterature
987 3055 1252 3099 quodlibetique
1267 3055 1307 3087 de
1321 3052 1417 3086 1260
1432 3054 1451 3085 a
1468 3051 1574 3091 1320,
1588 3064 1622 3096 p.
1641 3053 1738 3095 168).
