2083 3458
130 254 253 310 [978]
655 269 871 294 PAPARUM
907 236 1291 294 AVENNJONENSIUM
1731 249 1813 290 495

170 354 359 392 Urbanus
379 352 412 389 V
429 352 469 389 in
488 352 597 389 bulla
617 352 714 389 data
737 353 890 390 Romae
909 353 1018 402 apud
1039 352 1236 389 Sanctum
1256 352 1423 389 Petrum
1442 351 1519 388 kal.
1551 349 1614 399 [1]
1634 349 1812 387 februar.

116 428 224 451 anno
243 419 358 450 sexto
373 410 515 460 [1368]
537 426 543 448 :
567 410 615 447 In
636 411 789 459 insigni
808 412 901 448 willa
915 410 1278 460 illontispessulani
1297 409 1601 458 Affagalonensis
1615 407 1813 455 dioecesis,

120 473 162 509 in
181 486 257 521 qua
276 470 451 519 generale
468 469 658 516 studium,
680 470 849 507 maxime
870 470 911 506 in
933 470 1135 519 utriusque
1152 469 1257 518 juris
1275 469 1474 518 facultate,
1495 468 1641 505 dudum
1661 466 1815 516 floruit,

118 539 236 580 prout
250 530 372 579 floret.
394 529 524 566 Extat
541 528 651 578 apud
671 528 907 575 Gariellum,
925 543 1011 578 par.
1035 529 1087 575 II,
1105 543 1143 578 p.
1162 528 1223 566 84.
1758 524 1760 526 ’

174 590 214 628 P.
239 588 327 636 350,
349 588 414 637 lig.
440 587 498 626 10.
527 587 573 624 IN
597 601 803 624 PARTIBUS
832 588 1160 626 NEAPOLITANIS.
1192 587 1301 624 Infra
1329 586 1373 635 [t.
1402 586 1429 636 1]
1461 601 1498 635 p.
1525 586 1614 631 383,
1635 585 1676 622 in
1698 599 1815 633 regno

118 648 269 695 Sicilie,
294 662 331 697 p.
350 647 438 691 403,
461 646 571 695 apud
593 646 886 684 Lombardiam.
913 647 1015 684 Sane
1039 647 1079 683 in
1101 646 1237 684 codice
1262 643 1336 682 756
1358 645 1630 683 bibliothecae
1654 644 1815 681 Colber-

118 708 229 746 tinae
245 706 272 752 ¹,
289 706 329 743 in
351 720 430 755 quo
446 706 576 743 inulta
598 705 748 755 scripta
765 713 861 742 sunt
877 706 925 743 de
942 705 1112 754 negotiis
1128 704 1379 743 Bernabonis
1403 704 1729 750 Mediolanensis,
1751 703 1808 740 ita

119 767 317 816 scriptum
336 773 397 803 est
414 765 454 802 in
472 765 560 814 ipso
578 764 724 801 initio:
754 764 967 801 Sciendum
994 773 1047 801 est
1074 765 1174 813 quod
1201 772 1283 801 orta
1309 777 1428 812 super
1458 763 1610 799 civitate
1636 762 1817 799 Bononie

119 824 316 863 discordia
340 824 438 861 inter
460 823 665 861 dominum
687 824 857 871 legatum
880 838 925 860 ea·
947 831 1055 872 parte
1080 838 1173 869 una,
1189 831 1222 860 et
1253 822 1457 859 dominum
1480 821 1751 858 Bernabonem
1774 834 1819 857 ea:

120 892 230 934 parte
245 884 379 930 altera,
396 883 581 920 dominus
597 890 723 919 noster
737 897 845 931 papa
861 883 905 919 de
925 882 1105 919 Romana
1125 882 1236 918 curia
1252 882 1303 918 ad
1322 881 1526 917 dominum
1544 880 1815 917 Bernabonem

121 943 330 980 destinavit
349 942 528 979 dominos
548 942 728 979 abbatem
749 941 886 978 Sancti
912 940 1098 977 Germani
1118 949 1151 978 et
1170 940 1464 977 Benevenutum
1485 940 1528 976 (le
1554 940 1686 986 Utino,
1704 938 1817 976 audi-

120 1009 238 1039 torem
253 1002 356 1039 sacri
371 1001 529 1050 palatii,
547 1009 588 1038 ui
604 1000 842 1038 discordiam
858 1000 1069 1049 predictam
1089 1000 1310 1036 reducerent
1325 1000 1376 1035 ad
1390 999 1648 1036 concordiam.
1668 999 1817 1035 Contra

120 1061 310 1108 Bzovius,
338 1074 402 1099 311.
434 1060 548 1107 1362,
583 1060 599 1108 ξ
626 1060 662 1106 4,
691 1059 832 1097 scribit
859 1073 952 1097 euni
979 1067 1073 1108 post
1100 1067 1274 1096 mortem
1303 1058 1500 1095 Ludovici
1532 1058 1633 1107 regis
1662 1057 1819 1095 Siciliae

121 1120 291 1158 missum
316 1134 399 1158 esse
424 1120 466 1158 in
492 1119 683 1165 Siciliam,
702 1119 963 1168 provisurum
990 1133 1037 1155 ne
1064 1117 1161 1167 quid
1183 1118 1343 1154 Joanna
1369 1117 1505 1166 regina
1531 1116 1570 1153 in
1602 1116 1821 1166 perniciem

121 1179 233 1230 regni
264 1187 304 1217 et
336 1179 448 1217 Sedis
480 1178 730 1228 apostolicae
761 1178 984 1215 moliretur.
1024 1177 1111 1226 Ipse
1144 1176 1348 1222 Urbanus,
1389 1190 1468 1225 quo
1508 1176 1640 1213 nullus
1681 1175 1822 1212 melior

123 1239 238 1277 testis
260 1253 343 1277 esse
364 1245 515 1288 potest,
537 1237 647 1287 apud
670 1237 891 1274 Odoricuni
915 1236 1191 1284 Raynalduni,
1210 1249 1273 1273 an.
1298 1235 1411 1281 1362,
1432 1235 1500 1283 ξὸ,
1517 1236 1574 1272 ait
1595 1243 1761 1271 tantum
1782 1248 1821 1271 se

123 1306 212 1336 tum
235 1305 368 1335 certae
392 1296 665 1334 nuntiationis
690 1295 964 1333 ministerium
988 1295 1153 1344 gessisse
1177 1295 1216 1331 111
1240 1295 1426 1344 partibus
1455 1294 1608 1332 Italiae.

178 1355 336 1404 Duas‘ss',
361 1364 408 1393 ut
432 1356 507 1393 hoc
534 1370 696 1405 quoque
722 1355 919 1401 dicamus,
945 1354 1168 1403 legationes
1194 1353 1233 1390 in
1264 1354 1382 1391 Italia
1409 1354 1539 1390 obivit
1564 1353 1626 1390 hic
1660 1353 1821 1390 Guillel-

124 1430 226 1463 111115,
252 1415 376 1453 istam
401 1415 476 1452 5111)
506 1414 733 1452 Innocentii
762 1414 816 1450 VI
844 1421 1027 1451 extrema
1054 1421 1255 1462 tempora,
1282 1413 1405 1450 aliam
1431 1421 1614 1450 extremo
1642 1413 1822 1450 Clemen-

123 1476 176 1513 tis
198 1475 253 1511 VI
275 1474 538 1524 pontificatu.
564 1474 622 1511 De
643 1473 866 1523 posteriore
886 1473 972 1521 jam
993 1472 1120 1509 locuti
1141 1486 1294 1511 sumus.
1320 1472 1377 1510 De
1399 1472 1529 1521 priore
1552 1469 1823 1509 consulendus

125 1543 185 1573 est
207 1533 482 1572 Bernardinus
507 1533 644 1571 Corius
668 1533 719 1569 ad
743 1531 1012 1569 31111111111351
1031 1539 1070 1569 et
1095 1530 1207 1569 13:32.
1235 1531 1293 1569 De
1305 1532 1424 1571 rebus
1448 1539 1537 1568 tum
1561 1530 1612 1567 ab
1635 1545 1681 1568 eo
1704 1529 1825 1579 gestis

128 1594 257 1631 multa
283 1593 543 1643 reperiuntur
566 1592 607 1630 in
633 1592 736 1630 libro
762 1591 932 1629 Arnaldi
959 1589 1222 1637 Canicrarii3,
1250 1606 1268 1628 e
1295 1605 1375 1639 (1110
1401 1606 1472 1628 nos
1499 1590 1711 1638 sequentia
1739 1589 1825 1627 des-

127 1653 341 1703 cripsimus
363 1668 370 1689 z
388 1652 461 1689 Est
475 1652 571 1689 alter
587 1651 738 1689 rotulus
753 1651 881 1699 sactus
898 1650 1078 1687 Bononie
1094 1664 1199 1686 anno
1213 1650 1381 1687 Domini
1398 1643 1606 1686 millesimo
1623 1647 1827 1694 CCCLII,

129 1711 343 1750 indictione
367 1711 518 1760 quinta,
543 1710 605 1747 die
627 1718 735 1747 sexta
759 1710 905 1747 mensis
928 1709 1171 1759 septenibri'8‚
1196 1709 1453 1758 pontificatus
1477 1708 1628 1745 domini
1653 1707 1827 1744 Clemen-

127 1772 177 1809 tis
195 1785 299 1821 pape
323 1770 394 1818 VI,
416 1784 521 1808 anno
540 1769 621 1816 XI,
641 1783 760 1819 super
779 1769 1022 1806 restitutione
1041 1777 1074 1806 et
1094 1768 1396 1817 reintegratione
1415 1768 1600 1815 civitatis,
1621 1766 1828 1804 comitatus

126 1840 161 1868 et
192 1830 392 1867 districtus
426 1829 693 1866 Bononiensis
726 1837 760 1866 et
792 1828 1049 1877 quorumdam
1083 1827 1251 1865 aliorum
1287 1836 1515 1874 castrorum,
1550 1827 1765 1872 ciwitatum,
1796 1833 1832 1862 et

127 1890 311 1927 villarum
340 1889 382 1926 in
408 1888 591 1938 partibus
618 1888 876 1925 Romandiole
902 1901 971 1936 per
998 1887 1202 1924 (lominum
1232 1887 1455 1924 Joliannem
1489 1886 1829 1934 archiepiscopum

126 1949 466 1986 Mediolanensem
481 1948 690 1997 quondam,
709 1955 742 1984 et
761 1947 910 1984 nobiles
929 1947 1031 1984 viros
1051 1946 1257 1983 Alatheum
1276 1945 1526 1982 Bernabonis
1544 1953 1577 1982 et
1601 1944 1830 1982 Galeacium

129 2009 172 2046 de
200 2007 516 2054 Vicecomitibus‚
540 2006 684 2044 milites
707 2006 1041 2053 Mediolanenses,
1066 2006 1197 2055 ipsius
1218 2004 1506 2054 archiepiscopi
1530 2012 1697 2053 nepotes,
1721 2017 1828 2040 occu-

129 2076 283 2117 patores
310 2075 345 2104 et
370 2081 439 2116 per
467 2066 545 2103 vim
574 2066 783 2103 detentores
812 2065 985 2102 dominis
1019 2065 1241 2110 Guillelmo,
1271 2064 1407 2101 abbati
1435 2063 1663 2100 monasterii
1693 2062 1830 2099 Sancti

134 2126 322 2164 Germani
345 2125 724 2172 Autissiodorensis,
749 2133 783 2162 et
805 2125 934 2161 Azoni
959 2125 1002 2161 de
1026 2124 1150 2172 Regio
1174 2124 1319 2160 decano
1337 2123 1510 2160 Ecclesie
1533 2121 1829 2171 Aquilegensis,

129 2187 259 2234 legum
279 2185 437 2231 doctori,
459 2184 620 2221 nunciis
639 2184 880 2233 apostolicis,
901 2192 977 2222 etc.
1002 2184 1054 2220 Et
1076 2183 1180 2220 infra
1203 2199 1210 2220 :
1236 2183 1332 2220 Item
1361 2196 1465 2219 unus
1493 2181 1599 2218 alius
1626 2194 1829 2230 processus

129 2244 453 2294 recognitionum,
495 2243 823 2299 juramentorum,
860 2242 1188 2289 submissionum,
1233 2241 1521 2289 obligationum
1561 2240 1755 2288 factarum
1787 2239 1826 2276 in

130 2304 282 2341 civitate
316 2302 566 2340 Ferrariensi
600 2316 669 2351 per
703 2301 968 2339 marchionem
1002 2301 1205 2338 Estensem
1240 2300 1413 2337 dominis
1453 2299 1661 2336 Guillelmo
1694 2298 1829 2335 abbati

131 2363 267 2401 Sancti
294 2361 481 2399 Germani
502 2361 881 2407 Autissiodorensis,
895 2369 929 2398 et
948 2361 1078 2397 Azoni
1100 2360 1143 2397 de
1164 2359 1346 2397 Manziis
1382 2360 1525 2396 decano
1538 2357 1828 2407 Aqudegiensi,

131 2421 292 2459 nunciis
309 2420 550 2470 apostolicis,
570 2420 728 2457 nomine
746 2420 898 2457 domini
915 2434 1019 2469 pape
1036 2428 1069 2456 et
1085 2419 1257 2456 Ecclesie
1282 2432 1453 2456 romane.
1484 2418 1628 2454 Actum
1647 2416 1829 2453 Ferrarie

129 2495 235 2518 anno
264 2480 431 2517 Domini
464 2478 721 2527 MCCCLII,
755 2479 817 2516 die
848 2479 960 2516 XIX
994 2477 1140 2515 mensis
1173 2477 1351 2524 octobris,
1388 2475 1645 2526 pontificatus
1677 2474 1829 2512 domini

130 2539 341 2577 Clementis
371 2553 475 2588 pape
511 2537 582 2584 VI,
601 2553 707 2575 anno
736 2538 816 2577 XI.

187 2599 231 2636 In
247 2599 460 2644 alterutra,
478 2605 523 2634 ut
538 2597 695 2646 opinor,
711 2598 858 2635 haruin
873 2596 1126 2646 legationum
1142 2596 1297 2633 socium
1314 2594 1470 2632 Urbani
1486 2594 1608 2631 fuisse
1625 2594 1828 2631 ¹loannem

131 2658 179 2696 de
217 2657 448 2703 Novavilla‚
485 2656 660 2706 priorem
698 2656 1034 2697 Cartusianorum
1070 2654 1432 2695 Avenionensium,
1469 2661 1648 2690 testatur
1687 2652 1828 2689 Petrus

133 2716 378 2762 Dorlandus,
401 2715 468 2753 lib.
497 2715 551 2752 IV
574 2714 761 2752 Clironici
784 2714 955 2761 Cartus,
980 2728 1065 2763 cap.
1092 2728 1209 2760 xxw,
1233 2728 1270 2762 p.
1296 2712 1382 2750 249.

179 2869 210 2902 1.
239 2869 280 2902 Β.
314 2868 371 2908 Ν.,
404 2879 470 2901 ms.
503 2868 597 2900 latin
627 2867 732 2908 4115,
765 2867 825 2901 fol.
859 2868 903 2900 49
933 2871 977 2900 r0.

180 2922 210 2954 2.
240 2921 449 2955 Guillaume
477 2920 674 2953 Grimoard
700 2921 901 2964 accomplit
928 2926 1059 2963 quatre
1086 2919 1267 2961 legations
1295 2930 1341 2951 en
1370 2918 1487 2957 Italie,
1515 2929 1561 2950 en
1588 2918 1691 2956 1352,
1721 2918 1826 2957 1354,

130 2975 234 3014 1360,
263 2975 355 3008 1362
399 2974 450 3017 (Ρ.
480 2973 709 3013 Lecacheux,
737 2974 792 3006 La
818 2974 990 3016 premiere
1015 2973 1169 3015 legation
1196 2972 1236 3004 de
1267 2971 1473 3004 Guillaume
1499 2971 1539 3004 de
1570 2971 1761 3004 Grimoard
1784 2982 1829 3003 en

130 3028 247 3067 Italic,
279 3028 371 3060 dans
402 3027 592 3069 Melanges
620 3026 875 3069 d'archeologie
903 3031 933 3058 et
962 3025 1154 3063 d’lzistoire,
1187 3030 1212 3057 t.
1245 3036 1338 3056 xvm
1372 3024 1504 3066 (1897),
1537 3035 1570 3067 p.
1603 3023 1698 3066 409).
1729 3023 1828 3057 C'est

128 3081 268 3113 durant
295 3081 330 3113 la
359 3079 511 3112 mission
524 3080 615 3112 dans
627 3080 659 3112 le
675 3091 854 3122 royaume
868 3079 911 3111 de
927 3078 1062 3121 Naples
1076 3077 1166 3120 qu'il
1179 3077 1237 3110 fut
1251 3078 1308 3110 elu
1323 3089 1417 3120 pape
1434 3076 1676 3116 (Lecacheux,
1695 3088 1729 3110 n.
1750 3076 1823 3119 31).

179 3134 211 3166 3.
239 3133 278 3166 Β.
309 3133 366 3172 Ν.,
394 3144 460 3166 ms.
488 3132 582 3164 latin
608 3131 711 3172 5181,
739 3132 800 3165 fol.
829 3132 897 3164 156
923 3135 956 3164 r⁰
980 3137 1017 3163 et
1043 3131 1112 3163 184
1139 3134 1186 3163 νο.
