2083 3458
264 197 343 238 156
911 211 1063 236 NOTAE
1098 210 1158 234 AD
1193 209 1320 234 VITAs
1847 191 1973 247 [669]

264 304 358 334 tone
372 295 573 333 excitatos
587 294 748 332 sedaret
763 296 772 317 1
787 310 794 333 2
809 294 931 332 Odor.
948 293 1138 342 Raynal.,
1153 306 1217 329 an.
1235 291 1349 339 1312,
1370 290 1460 340 ἓ28.
1474 291 1639 329 Certum
1654 299 1715 329 est
1727 298 1868 329 autem
1881 304 1975 330 eum

264 369 345 392 non
380 354 501 392 fuisse
537 354 784 392 cardinalem
818 367 864 391 ea
897 359 1159 402 tempestate.
1197 350 1314 389 Unde
1347 358 1457 389 recte
1490 350 1823 400 VValsinghamus
1868 350 1913 400 [t.
1946 365 1973 397 1,

263 428 302 464 p.
330 413 427 463 134]
454 413 502 451 de
525 413 668 451 itinere
691 413 837 450 horum
860 411 1101 449 nuntiorum
1124 411 1165 447 in
1188 409 1380 459 Angliam
1403 410 1461 447 ait
1485 426 1492 447 ι
1524 409 1638 447 Unus
1663 410 1821 447 illorum
1848 408 1974 447 cardi-

267 473 371 510 nalis
397 473 521 509 esi-titii
549 472 714 510 Sanctae
742 472 913 510 Priscae.
933 471 1043 508 Alter
1069 484 1154 507 vero
1179 469 1258 520 suit
1280 469 1490 519 episcopiis
1510 468 1772 516 Pictavensis,
1790 477 1824 505 et
1843 476 1977 518 postea

266 532 495 569 cardinalis.
525 532 655 579 Quare
680 531 738 568 ita
764 530 1029 581 explicandus
1055 537 1116 567 est
1141 529 1406 567 continuator
1431 528 1581 578 Nangii
1616 528 1660 578 [t.
1686 543 1712 576 1,
1737 543 1776 578 p.
1803 527 1902 578 395]
1929 535 1977 565 ut

268 605 371 640 quae
395 591 443 628 de
468 591 671 628 cardinale
695 589 917 628 Albanensi
942 589 1148 636 dicuntur,
1166 602 1211 626 ea
1233 587 1518 637 intelligantur
1540 595 1633 625 acta
1656 595 1751 637 post
1774 587 1882 625 diem
1905 601 1977 624 X1v

266 650 415 687 mensis
446 650 683 697 decembris,
716 663 795 699 quo
826 649 959 686 factus
989 656 1051 686 est
1081 647 1297 685 cardinalis
1327 647 1473 685 absens
1503 661 1525 684 a
1556 646 1666 684 curia
1698 647 1901 694 Romana,
1931 654 1980 684 ut

267 717 437 746 notatur
473 708 598 747 etiam
634 709 676 746 in
711 708 831 745 Libro
868 707 1168 756 obligationum.
1212 707 1390 756 Ideoque
1427 707 1611 745 Clemens
1648 706 1701 744 ad
1738 720 1831 744 eum
1867 705 1981 744 misit
2029 719 2033 723 ·

265 768 417 818 pileum
445 768 617 806 rubeum
644 768 685 805 in
712 767 921 817 Angliam3
952 767 1074 805 Odor.
1103 766 1323 815 Raynald.,
1347 780 1412 804 an.
1443 765 1557 813 1316,
1593 765 1609 814 ἓ
1638 765 1687 803 19
1706 766 1731 803 ²³.
1764 765 1981 803 Remansit

266 836 407 865 tamen
438 827 478 864 in
509 827 654 876 Anglia
686 827 832 865 saltem
863 841 992 876 usque
1023 826 1075 863 ad
1106 840 1289 864 mensem
1320 825 1596 875 septembrem
1627 825 1724 862 anni
1756 824 1978 874 sequentis,

266 894 314 924 ut
334 894 452 936 patet
475 901 524 924 ex
547 886 688 925 eodem
713 886 945 935 Raynaldo,
969 899 1033 923 an.
1060 885 1174 933 1313,
1204 885 1220 934 ἓ
1243 884 1308 923 83.
1336 884 1441 922 Hinc
1463 899 1560 922 vero
1582 892 1727 935 postea
1751 883 1980 922 discessisse

269 953 308 984 et
341 945 528 984 Parisiis4
559 946 679 984 fuisse
713 945 831 983 initio
865 945 961 982 anni
995 945 1203 994 sequentis
1238 944 1358 982 docet
1390 944 1499 982 idem
1532 943 1797 982 continuator
1831 942 1982 993 Nangii

272 1006 314 1056 [t.
342 1019 368 1051 Ι,
395 1020 433 1054 p.
456 1005 561 1056 402J.

322 1064 441 1101 Anno
498 1062 800 1111 MCCCXVIIL
850 1064 1038 1102 ·Joannes
1102 1063 1231 1101 XXII
1279 1063 1313 1101 ei
1375 1071 1416 1101 et
1466 1063 1682 1101 Guillelmo
1733 1062 1880 1100 Testae
1934 1075 1981 1099 ac

269 1123 485 1161 Guillelmo
518 1123 566 1161 de
600 1124 738 1173 Longo
772 1123 1048 1161 cardinalibus
1081 1123 1286 1161 commisit
1318 1136 1492 1160 examen
1522 1121 1757 1160 sanctitatis
1781 1121 1907 1168 vitae,
1935 1135 1982 1159 ac

268 1182 558 1220 miraculorum
583 1183 719 1220 fratris
753 1183 935 1220 Thomae
968 1182 1202 1232 Aquinatis,
1227 1190 1274 1219 ut
1298 1181 1655 1220 verisimilitudine
1686 1181 1781 1219 inde
1816 1188 1983 1230 sumpta

267 1241 398 1279 tutius
411 1242 576 1291 procedi
595 1250 734 1292 posset
749 1243 791 1279 in
810 1242 1120 1281 canonizatione
1141 1242 1287 1292 ipsius3
1309 1256 1359 1279 ex
1377 1241 1488 1279 bulla
1511 1241 1682 1279 Joannis
1701 1240 1845 1287 XXII,
1872 1239 1982 1278 edita

267 1301 309 1338 in
334 1308 447 1338 tomo
471 1301 603 1351 primo
628 1302 767 1339 martii
789 1301 1062 1348 Bollandiani‚
1086 1316 1126 1352 p.
1153 1301 1241 1339 687.

321 1360 441 1397 Anno
469 1360 729 1408 MCCCXIX,
757 1361 867 1399 idem
893 1375 1002 1411 papa
1030 1360 1064 1399 ei
1091 1368 1132 1399 et
1159 1361 1376 1399 Guillelmo
1403 1360 1550 1398 Testae
1563 1370 1613 1397 'ac
1630 1359 1764 1397 Lucae
1788 1359 1836 1397 de
1853 1358 1985 1397 Flisco

269 1419 544 1458 cardinalibus
586 1421 790 1458 commisit
831 1434 997 1459 causam
1039 1419 1364 1458 confirmationis
1405 1418 1641 1469 Lampredii
1681 1418 1798 1457 electi
1832 1418 1985 1468 Tragu-

270 1478 424 1517 riensis.
454 1479 572 1517 Bulla
604 1480 775 1518 ,loannis
806 1487 924 1518 extat
953 1480 1065 1530 apud
1096 1480 1300 1518 ,Ioannem
1331 1479 1503 1517 Lucium
1532 1478 1574 1516 in
1595 1478 1808 1515 Nlemoriis
1832 1478 1985 1526 Tragu-

271 1538 485 1586 rienszssbus,
517 1553 555 1589 p.
590 1539 678 1577 232.

324 1597 443 1635 Anno
478 1598 715 1646 MCCCXX‚
752 1598 815 1637 die
849 1613 954 1636 xxm
989 1598 1167 1649 augusti,
1202 1598 1314 1648 apud
1348 1597 1605 1635 Avenionem
1640 1596 1826 1635 condidit
1859 1604 1987 1635 testa-

272 1664 460 1695 mentum
478 1658 505 1705 5,
523 1657 564 1694 in
583 1672 663 1708 quo
678 1658 890 1708 praecepit
906 1666 954 1695 ut
972 1658 1139 1707 quando
1155 1658 1241 1708 ipse
1259 1658 1467 1695 extinctus
1486 1664 1604 1704 esset,
1624 1670 1770 1706 corpus
1784 1669 1904 1694 suum
1922 1655 1988 1693 de-

273 1717 447 1755 ferretur
474 1717 526 1755 ad
555 1718 767 1756 ecclesiam
796 1717 937 1757 Sancti
965 1717 1077 1755 Petri
1105 1717 1154 1755 de
1184 1717 1371 1755 Romevo
1399 1730 1422 1753 a
1451 1731 1490 1754 se
1518 1716 1741 1753 fundatam
1760 1716 1793 1761 ⁶3
1823 1723 1865 1754 et
1896 1729 1989 1765 pos-

273 1776 394 1814 tridie
425 1776 540 1815 obiit.
575 1777 708 1825 Quare
738 1777 941 1814 falluntur
981 1777 1049 1826 qui
1089 1791 1182 1814 eum
1220 1790 1350 1825 usque
1389 1776 1441 1813 ad
1481 1789 1637 1813 annum
1676 1774 1989 1813 MCCCXXVII

274 1836 405 1873 vitam
432 1836 673 1886 produxisse
699 1844 867 1886 putant,
894 1836 936 1873 in
963 1850 1053 1874 eam
1082 1835 1316 1886 opinionem
1343 1835 1506 1885 abrepti
1532 1835 1644 1872 haud
1672 1834 1795 1872 dubie
1821 1841 1992 1884 propter

275 1895 568 1933 auctoritatem
606 1896 755 1933 veteris
792 1895 1070 1945 inscriptionis
1108 1895 1328 1933 memoriae
1367 1894 1453 1944 ejus
1492 1893 1707 1944 appositae
1743 1893 1786 1930 in
1823 1893 1990 1931 ecclesia

277 1954 538 2002 pictaviensi,
561 1955 631 1992 ubi
653 1963 824 1992 notatur
845 1962 1033 1992 mortuus
1056 1968 1163 1992 anno
1186 1954 1350 1992 milleno
1372 1961 1434 1991 ter
1456 1961 1623 1991 centum
1645 1960 1790 2002 terque
1812 1966 1989 1990 noveno.

276 2013 417 2051 Melius
442 2014 695 2052 Contelorius
720 2014 773 2065 [p.
799 2013 878 2064 20]‚
903 2014 972 2064 qui
994 2021 1170 2051 mortem
1193 2013 1279 2063 ejus
1301 2020 1471 2050 revocat
1502 2012 1554 2050 ad
1586 2026 1742 2049 annum
1764 2011 1992 2050 MCCCXX

277 2087 326 2110 ex
343 2072 463 2110 Libro
482 2073 737 2111 divisionum.
760 2073 919 2123 Quippe
939 2087 989 2111 ex
1006 2073 1117 2110 bulla
1137 2072 1308 2110 ,loannis
1330 2072 1460 2109 XXII
1480 2072 1527 2109 de
1554 2071 1814 2109 ordinatione
1836 2069 1993 2120 negotii

277 2131 528 2170 vicecomitis
554 2132 799 2170 Leomaniae
824 2140 864 2170 et
891 2131 1132 2169 Altivillaris
1157 2131 1256 2169 data
1280 2146 1305 2168 v
1328 2131 1419 2168 idus
1447 2130 1538 2181 julii
1568 2144 1676 2168 anno
1695 2131 1841 2180 quinto
1866 2143 1992 2180 appa-

277 2198 339 2228 ret
356 2191 584 2228 Arnaldum
600 2192 686 2241 jam
703 2199 795 2228 tum
812 2191 935 2229 fuisse
952 2199 1177 2238 mortuum,
1196 2205 1288 2229 cum
1305 2190 1412 2228 inter
1430 2190 1655 2228 cardinales
1675 2190 1743 2239 qui
1761 2189 1855 2227 huic
1872 2202 1993 2238 nego-

278 2250 335 2287 tio
379 2250 612 2288 definiendo
652 2250 931 2288 interfuerunt
971 2250 1207 2288 nominetur
1249 2249 1396 2287 Vitalis
1440 2249 1653 2299 episcopus
1696 2247 1942 2286 Albanensis
1962 2248 1990 2295 7,

279 2309 447 2346 Arnaldi
473 2310 664 2348 videlicet
688 2324 906 2348 successor.
935 2309 1151 2347 Praeterea
1175 2309 1217 2346 in
1240 2309 1367 2347 literis
1394 2308 1574 2347 officialis
1601 2308 1859 2345 Lactorensis
1885 2307 1993 2345 datis

279 2382 386 2405 anno
413 2368 698 2416 MCCCXXIL
726 2368 788 2407 die
816 2368 980 2406 sabbati
1004 2376 1100 2418 post
1125 2369 1277 2406 festum
1304 2368 1450 2406 beatae
1466 2367 1618 2405 Mariae
1644 2366 1925 2417 Magdalenae‚
1951 2365 1994 2403 in

281 2427 427 2476 quibus
453 2428 704 2478 descriptum
728 2435 790 2466 est
811 2428 1137 2466 instrumentum
1162 2441 1242 2477 quo
1261 2427 1371 2465 idem
1389 2426 1605 2464 cardinalis
1624 2434 1878 2476 potestatem
1893 2425 1996 2463 facit

279 2486 499 2535 recipiendi
524 2501 546 2524 a
571 2486 804 2524 consulibus
830 2495 870 2525 et
893 2486 1200 2524 habitatoribus
1226 2486 1274 2524 de
1301 2486 1486 2524 Romevo
1508 2486 1793 2535 juramentum
1819 2484 1993 2523 fidelita-

336 2656 361 2687 1.
386 2655 545 2688 Clement
569 2656 611 2696 V,
635 2668 669 2689 n.
695 2657 913 2690 8785-88‘19.
935 2675 984 2679 —
1003 2657 1161 2689 Arnaud
1184 2656 1310 2688 d'Aux
1333 2655 1438 2688 avait
1460 2657 1518 2688 ete
1540 2656 1685 2698 envoye
1707 2666 1754 2688 en
1774 2654 1993 2698 Angleterre

282 2719 325 2739 en
344 2709 435 2740 aout
452 2709 543 2742 1307
567 2709 727 2752 (Baluze,
748 2716 774 2742 t.
793 2721 843 2749 111,
864 2722 898 2753 p.
917 2710 1039 2753 86-90)
1061 2716 1098 2742 et
1116 2709 1245 2743 s’etait
1263 2709 1432 2753 acquitte
1453 2710 1496 2741 de
1514 2720 1555 2741 sa
1571 2708 1727 2741 mission
1745 2720 1836 2741 avec
1853 2710 1992 2741 succes.

333 2762 361 2793 '.'.
389 2761 541 2801 Coulon,
566 2774 600 2795 n.
626 2763 705 2796 112.

332 2815 362 2846 3.
394 2815 552 2847 Clessmem
578 2815 620 2854 V,
645 2827 680 2849 n.
707 2816 924 2849 9937-9940.

332 2867 363 2898 lt.
390 2867 548 2900 Clemenl
576 2868 617 2908 V,
646 2880 680 2901 n.
709 2870 837 2902 10337.

334 2920 364 2951 Γ».
386 2920 533 2959 Balnzc,
556 2928 580 2954 t.
601 2933 651 2961 111,
674 2933 707 2965 p.
729 2923 887 2955 309-316
907 2928 944 2955 et
962 2922 1002 2956 B.
1027 2922 1084 2962 N.,
1106 2934 1173 2955 ms.
1194 2922 1331 2955 Baluze
1352 2921 1433 2962 211,
1453 2921 1478 2954 f.
1500 2922 1544 2954 87
1563 2924 1608 2955 r0.

286 3025 319 3057 Μ
335 2974 365 3005 6.
388 2973 438 3005 La
461 2974 657 3006 fondation
677 2981 742 3007 cut
761 2975 832 3007 lieu
853 2976 883 3008 le
906 2976 949 3008 20
968 2975 1092 3018 juillet
1111 2976 1204 3008 1318
1229 2975 1389 3018 (Baluze,
1412 2980 1438 3008 t.
1459 2986 1510 3014 111,
1524 2986 1559 3018 p.
1579 2973 1771 3018 266-276);
1794 2973 1875 3007 voir
1894 2972 1994 3006 aussi

327 3026 427 3065 ollat,
456 3038 490 3058 n.
520 3028 623 3059 5889.

336 3079 365 3110 7.
391 3079 537 3118 lialuzc,
562 3086 587 3112 t.
610 3092 659 3119 111,
684 3092 717 3123 p.
742 3082 822 3114 322.
