<?xml version="1.0" encoding="UTF-8"?>
<!DOCTYPE html PUBLIC "-//W3C//DTD XHTML 1.0 Transitional//EN"
    "http://www.w3.org/TR/xhtml1/DTD/xhtml1-transitional.dtd">
<html xmlns="http://www.w3.org/1999/xhtml" xml:lang="en" lang="en">
 <head>
  <title>
</title>
<meta http-equiv="Content-Type" content="text/html;charset=utf-8" />
  <meta name='ocr-system' content='tesseract 3.04.00' />
  <meta name='ocr-capabilities' content='ocr_page ocr_carea ocr_par ocr_line ocrx_word'/>
</head>
<body>
  <div class='ocr_page' id='page_1' title='image "./vitaepaparumaven02balu_0606.png"; bbox 0 0 2083 3458; ppageno 0'>
   <div class='ocr_carea' id='block_1_1' title="bbox 263 207 1967 262">
    <p class='ocr_par' dir='ltr' id='par_1_1' title="bbox 263 207 1967 262">
     <span class='ocr_line' id='line_1_1' title="bbox 263 207 1967 262; baseline -0.002 -13"><span class='ocrx_word' id='word_1_1' title='bbox 263 209 342 250; x_wconf 64' lang='lat'>590</span> <span class='ocrx_word' id='word_1_2' title='bbox 908 221 1059 246; x_wconf 83' lang='lat' dir='ltr'>NOTAE</span> <span class='ocrx_word' id='word_1_3' title='bbox 1093 221 1153 246; x_wconf 81' lang='lat' dir='ltr'>AD</span> <span class='ocrx_word' id='word_1_4' title='bbox 1187 221 1315 246; x_wconf 82' lang='lat' dir='ltr'>vlTAs</span> <span class='ocrx_word' id='word_1_5' title='bbox 1819 207 1967 262; x_wconf 82' lang='lat'><strong>[1074]</strong></span> 
     </span>
    </p>
   </div>
   <div class='ocr_carea' id='block_1_2' title="bbox 259 304 1972 2611">
    <p class='ocr_par' dir='ltr' id='par_1_2' title="bbox 259 304 1972 1602">
     <span class='ocr_line' id='line_1_2' title="bbox 263 304 1971 345; baseline 0 -1"><span class='ocrx_word' id='word_1_6' title='bbox 263 307 437 345; x_wconf 75' lang='lat' dir='ltr'>Sanctae</span> <span class='ocrx_word' id='word_1_7' title='bbox 464 306 636 343; x_wconf 80' lang='lat' dir='ltr'>Priscae.</span> <span class='ocrx_word' id='word_1_8' title='bbox 664 305 880 342; x_wconf 86' lang='lat' dir='ltr'>Praeterea</span> <span class='ocrx_word' id='word_1_9' title='bbox 906 312 1053 342; x_wconf 89' lang='lat' dir='ltr'>extant</span> <span class='ocrx_word' id='word_1_10' title='bbox 1076 304 1184 342; x_wconf 87' lang='lat' dir='ltr'>inter</span> <span class='ocrx_word' id='word_1_11' title='bbox 1207 305 1468 343; x_wconf 67' lang='lat' dir='ltr'>Probationes</span> <span class='ocrx_word' id='word_1_12' title='bbox 1491 306 1678 345; x_wconf 74' lang='lat' dir='ltr'><em>historiae</em></span> <span class='ocrx_word' id='word_1_13' title='bbox 1701 307 1971 345; x_wconf 77' lang='lat' dir='ltr'><em>cardinalium</em></span> 
     </span>
     <span class='ocr_line' id='line_1_3' title="bbox 269 363 1968 415; baseline 0 -11"><span class='ocrx_word' id='word_1_14' title='bbox 269 366 484 412; x_wconf 78' lang='lat' dir='ltr'>Gallorum,</span> <span class='ocrx_word' id='word_1_15' title='bbox 511 379 549 415; x_wconf 87' lang='lat' dir='ltr'>p.</span> <span class='ocrx_word' id='word_1_16' title='bbox 578 364 668 411; x_wconf 81' lang='lat'>452,</span> <span class='ocrx_word' id='word_1_17' title='bbox 694 363 837 402; x_wconf 84' lang='lat' dir='ltr'>literae</span> <span class='ocrx_word' id='word_1_18' title='bbox 863 363 981 401; x_wconf 89' lang='lat' dir='ltr'>istius</span> <span class='ocrx_word' id='word_1_19' title='bbox 1009 363 1242 411; x_wconf 87' lang='lat' dir='ltr'>cardinalis,</span> <span class='ocrx_word' id='word_1_20' title='bbox 1269 364 1311 401; x_wconf 90' lang='lat' dir='ltr'>in</span> <span class='ocrx_word' id='word_1_21' title='bbox 1337 364 1486 414; x_wconf 85' lang='lat' dir='ltr'>quibus</span> <span class='ocrx_word' id='word_1_22' title='bbox 1511 365 1597 415; x_wconf 87' lang='lat' dir='ltr'>ipse</span> <span class='ocrx_word' id='word_1_23' title='bbox 1623 380 1664 404; x_wconf 88' lang='lat' dir='ltr'>se</span> <span class='ocrx_word' id='word_1_24' title='bbox 1690 374 1814 404; x_wconf 86' lang='lat' dir='ltr'>vocat</span> <span class='ocrx_word' id='word_1_25' title='bbox 1840 366 1968 405; x_wconf 87' lang='lat' dir='ltr'>cardi-</span> 
     </span>
     <span class='ocr_line' id='line_1_4' title="bbox 263 423 1969 473; baseline 0.001 -11"><span class='ocrx_word' id='word_1_26' title='bbox 263 426 395 462; x_wconf 80' lang='lat' dir='ltr'>nalem</span> <span class='ocrx_word' id='word_1_27' title='bbox 427 425 601 462; x_wconf 85' lang='lat' dir='ltr'>Sanctae</span> <span class='ocrx_word' id='word_1_28' title='bbox 631 423 805 461; x_wconf 78' lang='lat' dir='ltr'>Priscae.</span> <span class='ocrx_word' id='word_1_29' title='bbox 838 423 901 460; x_wconf 78' lang='lat' dir='ltr'>Ex</span> <span class='ocrx_word' id='word_1_30' title='bbox 929 437 1010 472; x_wconf 88' lang='lat' dir='ltr'>quo</span> <span class='ocrx_word' id='word_1_31' title='bbox 1039 431 1150 461; x_wconf 85' lang='lat' dir='ltr'>certo</span> <span class='ocrx_word' id='word_1_32' title='bbox 1179 423 1311 473; x_wconf 81' lang='lat' dir='ltr'>colligi</span> <span class='ocrx_word' id='word_1_33' title='bbox 1341 424 1487 462; x_wconf 89' lang='lat' dir='ltr'>debere</span> <span class='ocrx_word' id='word_1_34' title='bbox 1515 424 1682 463; x_wconf 87' lang='lat' dir='ltr'>videtur</span> <span class='ocrx_word' id='word_1_35' title='bbox 1708 426 1818 463; x_wconf 91' lang='lat' dir='ltr'>hunc</span> <span class='ocrx_word' id='word_1_36' title='bbox 1845 425 1969 464; x_wconf 86' lang='lat' dir='ltr'>fuisse</span> 
     </span>
     <span class='ocr_line' id='line_1_5' title="bbox 262 482 1969 534; baseline 0.001 -13"><span class='ocrx_word' id='word_1_37' title='bbox 262 498 406 522; x_wconf 87' lang='lat' dir='ltr'>verum</span> <span class='ocrx_word' id='word_1_38' title='bbox 440 483 612 521; x_wconf 86' lang='lat' dir='ltr'>titulum</span> <span class='ocrx_word' id='word_1_39' title='bbox 648 482 748 531; x_wconf 81' lang='lat' dir='ltr'>ejus.</span> <span class='ocrx_word' id='word_1_40' title='bbox 789 482 934 530; x_wconf 86' lang='lat' dir='ltr'>Quoad</span> <span class='ocrx_word' id='word_1_41' title='bbox 970 489 1199 532; x_wconf 87' lang='lat' dir='ltr'>postremas</span> <span class='ocrx_word' id='word_1_42' title='bbox 1235 483 1335 520; x_wconf 88' lang='lat' dir='ltr'>istas</span> <span class='ocrx_word' id='word_1_43' title='bbox 1371 483 1590 522; x_wconf 85' lang='lat' dir='ltr'>Bertrandi</span> <span class='ocrx_word' id='word_1_44' title='bbox 1626 484 1780 531; x_wconf 79' lang='lat' dir='ltr'>literas,</span> <span class='ocrx_word' id='word_1_45' title='bbox 1816 484 1969 534; x_wconf 79' lang='lat' dir='ltr'>ambigi</span> 
     </span>
     <span class='ocr_line' id='line_1_6' title="bbox 259 541 1969 594; baseline 0 -13"><span class='ocrx_word' id='word_1_46' title='bbox 259 546 344 581; x_wconf 67' lang='lat' dir='ltr'>‘non</span> <span class='ocrx_word' id='word_1_47' title='bbox 364 550 504 593; x_wconf 83' lang='lat' dir='ltr'>potest</span> <span class='ocrx_word' id='word_1_48' title='bbox 526 542 626 592; x_wconf 89' lang='lat' dir='ltr'>quin</span> <span class='ocrx_word' id='word_1_49' title='bbox 645 541 729 579; x_wconf 88' lang='lat' dir='ltr'>sint</span> <span class='ocrx_word' id='word_1_50' title='bbox 750 541 896 588; x_wconf 74' lang='lat' dir='ltr'>falsae,</span> <span class='ocrx_word' id='word_1_51' title='bbox 918 541 1042 591; x_wconf 87' lang='lat' dir='ltr'>idque</span> <span class='ocrx_word' id='word_1_52' title='bbox 1064 542 1204 579; x_wconf 88' lang='lat' dir='ltr'>multis</span> <span class='ocrx_word' id='word_1_53' title='bbox 1225 543 1479 591; x_wconf 75' lang='lat' dir='ltr'>argumentis</span> <span class='ocrx_word' id='word_1_54' title='bbox 1501 544 1666 593; x_wconf 90' lang='lat' dir='ltr'>probari</span> <span class='ocrx_word' id='word_1_55' title='bbox 1686 552 1838 594; x_wconf 88' lang='lat' dir='ltr'>potest.</span> <span class='ocrx_word' id='word_1_56' title='bbox 1862 544 1969 581; x_wconf 91' lang='lat' dir='ltr'>Nam</span> 
     </span>
     <span class='ocr_line' id='line_1_7' title="bbox 262 601 1969 652; baseline 0 -12"><span class='ocrx_word' id='word_1_57' title='bbox 262 603 393 652; x_wconf 90' lang='lat' dir='ltr'>primo</span> <span class='ocrx_word' id='word_1_58' title='bbox 423 602 544 639; x_wconf 87' lang='lat' dir='ltr'>datae</span> <span class='ocrx_word' id='word_1_59' title='bbox 573 601 769 639; x_wconf 88' lang='lat' dir='ltr'>dicuntur</span> <span class='ocrx_word' id='word_1_60' title='bbox 797 601 1000 639; x_wconf 82' lang='lat' dir='ltr'>Avenioni</span> <span class='ocrx_word' id='word_1_61' title='bbox 1028 615 1137 639; x_wconf 92' lang='lat' dir='ltr'>anno</span> <span class='ocrx_word' id='word_1_62' title='bbox 1167 601 1536 640; x_wconf 75' lang='lat' dir='ltr'><strong>MCCCLXXVIII</strong></span> <span class='ocrx_word' id='word_1_63' title='bbox 1564 603 1699 641; x_wconf 87' lang='lat' dir='ltr'>idibus</span> <span class='ocrx_word' id='word_1_64' title='bbox 1738 603 1849 643; x_wconf 89' lang='lat' dir='ltr'>maii.</span> <span class='ocrx_word' id='word_1_65' title='bbox 1880 603 1969 652; x_wconf 88' lang='lat' dir='ltr'>Quo</span> 
     </span>
     <span class='ocr_line' id='line_1_8' title="bbox 261 660 1970 713; baseline 0.001 -14"><span class='ocrx_word' id='word_1_66' title='bbox 261 671 446 711; x_wconf 85' lang='lat' dir='ltr'>tempore</span> <span class='ocrx_word' id='word_1_67' title='bbox 465 669 623 699; x_wconf 89' lang='lat' dir='ltr'>certum</span> <span class='ocrx_word' id='word_1_68' title='bbox 641 669 703 698; x_wconf 90' lang='lat' dir='ltr'>est</span> <span class='ocrx_word' id='word_1_69' title='bbox 720 660 836 699; x_wconf 91' lang='lat' dir='ltr'>illum</span> <span class='ocrx_word' id='word_1_70' title='bbox 854 660 978 698; x_wconf 89' lang='lat' dir='ltr'>fuisse</span> <span class='ocrx_word' id='word_1_71' title='bbox 996 660 1038 697; x_wconf 90' lang='lat' dir='ltr'>in</span> <span class='ocrx_word' id='word_1_72' title='bbox 1060 660 1193 699; x_wconf 84' lang='lat' dir='ltr'>Italia.</span> <span class='ocrx_word' id='word_1_73' title='bbox 1215 661 1431 699; x_wconf 86' lang='lat' dir='ltr'>Praeterea</span> <span class='ocrx_word' id='word_1_74' title='bbox 1450 662 1672 700; x_wconf 79' lang='lat' dir='ltr'>subscribit</span> <span class='ocrx_word' id='word_1_75' title='bbox 1689 671 1737 700; x_wconf 89' lang='lat' dir='ltr'>ut</span> <span class='ocrx_word' id='word_1_76' title='bbox 1754 662 1970 713; x_wconf 78' lang='lat' dir='ltr'>presbyter</span> 
     </span>
     <span class='ocr_line' id='line_1_9' title="bbox 261 719 1970 768; baseline 0 -9"><span class='ocrx_word' id='word_1_77' title='bbox 261 720 491 759; x_wconf 88' lang='lat' dir='ltr'>cardinalis.</span> <span class='ocrx_word' id='word_1_78' title='bbox 516 719 636 768; x_wconf 85' lang='lat' dir='ltr'>Quod</span> <span class='ocrx_word' id='word_1_79' title='bbox 656 733 739 757; x_wconf 87' lang='lat' dir='ltr'>non</span> <span class='ocrx_word' id='word_1_80' title='bbox 760 719 923 757; x_wconf 85' lang='lat' dir='ltr'>fecisset</span> <span class='ocrx_word' id='word_1_81' title='bbox 943 728 1048 767; x_wconf 89' lang='lat' dir='ltr'>tum,</span> <span class='ocrx_word' id='word_1_82' title='bbox 1071 734 1164 759; x_wconf 88' lang='lat' dir='ltr'>cum</span> <span class='ocrx_word' id='word_1_83' title='bbox 1186 729 1297 758; x_wconf 87' lang='lat' dir='ltr'>certo</span> <span class='ocrx_word' id='word_1_84' title='bbox 1319 729 1481 759; x_wconf 86' lang='lat' dir='ltr'>constet</span> <span class='ocrx_word' id='word_1_85' title='bbox 1500 721 1616 761; x_wconf 90' lang='lat' dir='ltr'>illum</span> <span class='ocrx_word' id='word_1_86' title='bbox 1637 722 1688 759; x_wconf 90' lang='lat' dir='ltr'>ab</span> <span class='ocrx_word' id='word_1_87' title='bbox 1722 721 1970 766; x_wconf 37' lang='lat' dir='ltr'>Urbano-VI</span> 
     </span>
     <span class='ocr_line' id='line_1_10' title="bbox 261 779 1970 830; baseline 0.001 -13"><span class='ocrx_word' id='word_1_88' title='bbox 261 781 419 819; x_wconf 87' lang='lat' dir='ltr'>factum</span> <span class='ocrx_word' id='word_1_89' title='bbox 451 779 573 817; x_wconf 83' lang='lat' dir='ltr'>fuisse</span> <span class='ocrx_word' id='word_1_90' title='bbox 606 779 845 829; x_wconf 87' lang='lat' dir='ltr'>episcopum</span> <span class='ocrx_word' id='word_1_91' title='bbox 875 779 1120 826; x_wconf 77' lang='lat' dir='ltr'>Ostiensem,</span> <span class='ocrx_word' id='word_1_92' title='bbox 1154 793 1291 818; x_wconf 89' lang='lat' dir='ltr'>mense</span> <span class='ocrx_word' id='word_1_93' title='bbox 1316 780 1434 830; x_wconf 88' lang='lat' dir='ltr'>aprili</span> <span class='ocrx_word' id='word_1_94' title='bbox 1465 780 1650 830; x_wconf 86' lang='lat' dir='ltr'>ejusdem</span> <span class='ocrx_word' id='word_1_95' title='bbox 1682 781 1792 820; x_wconf 86' lang='lat' dir='ltr'>anni.</span> <span class='ocrx_word' id='word_1_96' title='bbox 1826 780 1882 819; x_wconf 86' lang='lat' dir='ltr'>At</span> <span class='ocrx_word' id='word_1_97' title='bbox 1911 781 1970 819; x_wconf 91' lang='lat' dir='ltr'>in-</span> 
     </span>
     <span class='ocr_line' id='line_1_11' title="bbox 263 838 1970 890; baseline 0.001 -14"><span class='ocrx_word' id='word_1_98' title='bbox 263 840 375 890; x_wconf 85' lang='lat' dir='ltr'>quies</span> <span class='ocrx_word' id='word_1_99' title='bbox 403 853 579 878; x_wconf 88' lang='lat' dir='ltr'>errorem</span> <span class='ocrx_word' id='word_1_100' title='bbox 606 838 786 888; x_wconf 81' lang='lat' dir='ltr'>aliquem</span> <span class='ocrx_word' id='word_1_101' title='bbox 812 853 898 876; x_wconf 88' lang='lat' dir='ltr'>esse</span> <span class='ocrx_word' id='word_1_102' title='bbox 924 838 966 876; x_wconf 90' lang='lat' dir='ltr'>in</span> <span class='ocrx_word' id='word_1_103' title='bbox 992 847 1091 876; x_wconf 88' lang='lat' dir='ltr'>nota</span> <span class='ocrx_word' id='word_1_104' title='bbox 1119 839 1230 886; x_wconf 89' lang='lat' dir='ltr'>anni,</span> <span class='ocrx_word' id='word_1_105' title='bbox 1258 847 1299 877; x_wconf 91' lang='lat' dir='ltr'>et</span> <span class='ocrx_word' id='word_1_106' title='bbox 1325 839 1440 878; x_wconf 89' lang='lat' dir='ltr'>illum</span> <span class='ocrx_word' id='word_1_107' title='bbox 1466 840 1522 878; x_wconf 84' lang='lat' dir='ltr'>sic</span> <span class='ocrx_word' id='word_1_108' title='bbox 1548 841 1857 880; x_wconf 87' lang='lat' dir='ltr'>emendandum</span> <span class='ocrx_word' id='word_1_109' title='bbox 1885 855 1970 879; x_wconf 86' lang='lat' dir='ltr'>esse</span> 
     </span>
     <span class='ocr_line' id='line_1_12' title="bbox 262 898 1969 950; baseline 0.001 -14"><span class='ocrx_word' id='word_1_110' title='bbox 262 907 309 936; x_wconf 87' lang='lat' dir='ltr'>ut</span> <span class='ocrx_word' id='word_1_111' title='bbox 332 899 535 936; x_wconf 80' lang='lat' dir='ltr'>referatur</span> <span class='ocrx_word' id='word_1_112' title='bbox 558 898 610 936; x_wconf 88' lang='lat' dir='ltr'>ad</span> <span class='ocrx_word' id='word_1_113' title='bbox 635 912 791 935; x_wconf 88' lang='lat' dir='ltr'>annum</span> <span class='ocrx_word' id='word_1_114' title='bbox 815 906 1072 947; x_wconf 78' lang='lat' dir='ltr'>sequentem.</span> <span class='ocrx_word' id='word_1_115' title='bbox 1100 898 1178 936; x_wconf 86' lang='lat' dir='ltr'>Sed</span> <span class='ocrx_word' id='word_1_116' title='bbox 1202 912 1252 936; x_wconf 92' lang='lat' dir='ltr'>ne</span> <span class='ocrx_word' id='word_1_117' title='bbox 1277 898 1318 936; x_wconf 90' lang='lat' dir='ltr'>id</span> <span class='ocrx_word' id='word_1_118' title='bbox 1343 899 1511 948; x_wconf 86' lang='lat' dir='ltr'>quidem</span> <span class='ocrx_word' id='word_1_119' title='bbox 1534 914 1677 938; x_wconf 89' lang='lat' dir='ltr'>verum</span> <span class='ocrx_word' id='word_1_120' title='bbox 1704 914 1789 938; x_wconf 87' lang='lat' dir='ltr'>esse</span> <span class='ocrx_word' id='word_1_121' title='bbox 1816 907 1969 950; x_wconf 82' lang='lat' dir='ltr'>potest.</span> 
     </span>
     <span class='ocr_line' id='line_1_13' title="bbox 262 957 1970 1009; baseline 0.001 -14"><span class='ocrx_word' id='word_1_122' title='bbox 262 959 366 995; x_wconf 90' lang='lat' dir='ltr'>Tum</span> <span class='ocrx_word' id='word_1_123' title='bbox 404 957 513 997; x_wconf 88' lang='lat' dir='ltr'>enim</span> <span class='ocrx_word' id='word_1_124' title='bbox 549 957 818 1005; x_wconf 87' lang='lat' dir='ltr'>Bertrandus,</span> <span class='ocrx_word' id='word_1_125' title='bbox 858 957 928 1007; x_wconf 89' lang='lat' dir='ltr'>qui</span> <span class='ocrx_word' id='word_1_126' title='bbox 965 958 1217 997; x_wconf 85' lang='lat' dir='ltr'>Clementem</span> <span class='ocrx_word' id='word_1_127' title='bbox 1257 958 1339 995; x_wconf 89' lang='lat' dir='ltr'>VII</span> <span class='ocrx_word' id='word_1_128' title='bbox 1376 959 1554 1009; x_wconf 80' lang='lat' dir='ltr'>elegerat</span> <span class='ocrx_word' id='word_1_129' title='bbox 1590 973 1767 1009; x_wconf 88' lang='lat' dir='ltr'>eumque</span> <span class='ocrx_word' id='word_1_130' title='bbox 1806 967 1970 997; x_wconf 84' lang='lat' dir='ltr'>secutus</span> 
     </span>
     <span class='ocr_line' id='line_1_14' title="bbox 263 1016 1971 1069; baseline -0.001 -14"><span class='ocrx_word' id='word_1_131' title='bbox 263 1018 397 1055; x_wconf 89' lang='lat' dir='ltr'>fuerat</span> <span class='ocrx_word' id='word_1_132' title='bbox 429 1017 471 1055; x_wconf 89' lang='lat' dir='ltr'>in</span> <span class='ocrx_word' id='word_1_133' title='bbox 504 1016 681 1055; x_wconf 80' lang='lat' dir='ltr'>Galliam</span> <span class='ocrx_word' id='word_1_134' title='bbox 716 1016 1042 1064; x_wconf 83' lang='lat' dir='ltr'>Narbonensem,</span> <span class='ocrx_word' id='word_1_135' title='bbox 1076 1031 1159 1054; x_wconf 87' lang='lat' dir='ltr'>non</span> <span class='ocrx_word' id='word_1_136' title='bbox 1191 1017 1446 1057; x_wconf 85' lang='lat' dir='ltr'>nominasset</span> <span class='ocrx_word' id='word_1_137' title='bbox 1481 1019 1695 1056; x_wconf 85' lang='lat' dir='ltr'>Urbanum</span> <span class='ocrx_word' id='word_1_138' title='bbox 1729 1018 1971 1069; x_wconf 85' lang='lat' dir='ltr'>pontificem</span> 
     </span>
     <span class='ocr_line' id='line_1_15' title="bbox 262 1076 1970 1128; baseline -0.001 -12"><span class='ocrx_word' id='word_1_139' title='bbox 262 1077 505 1123; x_wconf 88' lang='lat' dir='ltr'>maximum,</span> <span class='ocrx_word' id='word_1_140' title='bbox 521 1076 592 1114; x_wconf 88' lang='lat' dir='ltr'>sed</span> <span class='ocrx_word' id='word_1_141' title='bbox 606 1076 975 1115; x_wconf 87' lang='lat' dir='ltr'>Bartholomaeum</span> <span class='ocrx_word' id='word_1_142' title='bbox 989 1077 1213 1116; x_wconf 87' lang='lat' dir='ltr'>Barensem</span> <span class='ocrx_word' id='word_1_143' title='bbox 1227 1077 1435 1117; x_wconf 86' lang='lat' dir='ltr'>intrusum</span> <span class='ocrx_word' id='word_1_144' title='bbox 1450 1078 1491 1115; x_wconf 90' lang='lat' dir='ltr'>in</span> <span class='ocrx_word' id='word_1_145' title='bbox 1506 1086 1680 1128; x_wconf 87' lang='lat' dir='ltr'>papatu,</span> <span class='ocrx_word' id='word_1_146' title='bbox 1696 1092 1744 1116; x_wconf 87' lang='lat' dir='ltr'>ac</span> <span class='ocrx_word' id='word_1_147' title='bbox 1758 1086 1970 1128; x_wconf 87' lang='lat' dir='ltr'>praeterea</span> 
     </span>
     <span class='ocr_line' id='line_1_16' title="bbox 261 1135 1970 1187; baseline 0 -13"><span class='ocrx_word' id='word_1_148' title='bbox 261 1136 569 1186; x_wconf 77' lang='lat' dir='ltr'>subscripsisset</span> <span class='ocrx_word' id='word_1_149' title='bbox 591 1144 794 1185; x_wconf 76' lang='lat' dir='ltr'>tanquam</span> <span class='ocrx_word' id='word_1_150' title='bbox 820 1135 1034 1186; x_wconf 87' lang='lat' dir='ltr'>episcopus</span> <span class='ocrx_word' id='word_1_151' title='bbox 1061 1136 1273 1175; x_wconf 86' lang='lat' dir='ltr'>Ostiensis.</span> <span class='ocrx_word' id='word_1_152' title='bbox 1301 1136 1433 1186; x_wconf 85' lang='lat' dir='ltr'>Major</span> <span class='ocrx_word' id='word_1_153' title='bbox 1454 1138 1641 1187; x_wconf 83' lang='lat' dir='ltr'>profecto</span> <span class='ocrx_word' id='word_1_154' title='bbox 1665 1145 1727 1175; x_wconf 90' lang='lat' dir='ltr'>est</span> <span class='ocrx_word' id='word_1_155' title='bbox 1752 1137 1970 1177; x_wconf 84' lang='lat' dir='ltr'>difficultas</span> 
     </span>
     <span class='ocr_line' id='line_1_17' title="bbox 261 1195 1971 1247; baseline 0.001 -14"><span class='ocrx_word' id='word_1_156' title='bbox 261 1196 302 1233; x_wconf 92' lang='lat' dir='ltr'>in</span> <span class='ocrx_word' id='word_1_157' title='bbox 325 1196 450 1233; x_wconf 92' lang='lat' dir='ltr'>literis</span> <span class='ocrx_word' id='word_1_158' title='bbox 476 1195 596 1233; x_wconf 90' lang='lat' dir='ltr'>editis</span> <span class='ocrx_word' id='word_1_159' title='bbox 621 1210 643 1232; x_wconf 88' lang='lat' dir='ltr'>a</span> <span class='ocrx_word' id='word_1_160' title='bbox 669 1195 913 1245; x_wconf 87' lang='lat' dir='ltr'>Waddingo.</span> <span class='ocrx_word' id='word_1_161' title='bbox 943 1195 1108 1235; x_wconf 83' lang='lat' dir='ltr'>Etenim</span> <span class='ocrx_word' id='word_1_162' title='bbox 1132 1209 1225 1234; x_wconf 89' lang='lat' dir='ltr'>cum</span> <span class='ocrx_word' id='word_1_163' title='bbox 1250 1210 1316 1234; x_wconf 88' lang='lat' dir='ltr'>eas</span> <span class='ocrx_word' id='word_1_164' title='bbox 1341 1204 1503 1235; x_wconf 84' lang='lat' dir='ltr'>constet</span> <span class='ocrx_word' id='word_1_165' title='bbox 1534 1197 1717 1235; x_wconf 87' lang='lat' dir='ltr'>accusari</span> <span class='ocrx_word' id='word_1_166' title='bbox 1748 1211 1831 1234; x_wconf 83' lang='lat' dir='ltr'>non</span> <span class='ocrx_word' id='word_1_167' title='bbox 1854 1211 1971 1247; x_wconf 88' lang='lat' dir='ltr'>posse</span> 
     </span>
     <span class='ocr_line' id='line_1_18' title="bbox 262 1255 1971 1305; baseline 0 -13"><span class='ocrx_word' id='word_1_168' title='bbox 262 1255 470 1302; x_wconf 87' lang='lat' dir='ltr'>falsitatis,</span> <span class='ocrx_word' id='word_1_169' title='bbox 488 1269 582 1294; x_wconf 88' lang='lat' dir='ltr'>cum</span> <span class='ocrx_word' id='word_1_170' title='bbox 598 1263 743 1292; x_wconf 83' lang='lat' dir='ltr'>extent</span> <span class='ocrx_word' id='word_1_171' title='bbox 758 1255 801 1292; x_wconf 92' lang='lat' dir='ltr'>in</span> <span class='ocrx_word' id='word_1_172' title='bbox 816 1255 980 1304; x_wconf 75' lang='lat' dir='ltr'>Regesto</span> <span class='ocrx_word' id='word_1_173' title='bbox 997 1255 1179 1304; x_wconf 88' lang='lat' dir='ltr'>Gregorii</span> <span class='ocrx_word' id='word_1_174' title='bbox 1198 1255 1333 1294; x_wconf 85' lang='lat' dir='ltr'>editae</span> <span class='ocrx_word' id='word_1_175' title='bbox 1353 1269 1375 1293; x_wconf 89' lang='lat' dir='ltr'>a</span> <span class='ocrx_word' id='word_1_176' title='bbox 1393 1256 1641 1305; x_wconf 75' lang='lat' dir='ltr'>VVaddingo,</span> <span class='ocrx_word' id='word_1_177' title='bbox 1667 1264 1826 1295; x_wconf 86' lang='lat' dir='ltr'>certum</span> <span class='ocrx_word' id='word_1_178' title='bbox 1842 1255 1971 1294; x_wconf 85' lang='lat' dir='ltr'>videri</span> 
     </span>
     <span class='ocr_line' id='line_1_19' title="bbox 262 1314 1971 1363; baseline 0 -11"><span class='ocrx_word' id='word_1_179' title='bbox 262 1315 384 1352; x_wconf 88' lang='lat' dir='ltr'>debet</span> <span class='ocrx_word' id='word_1_180' title='bbox 414 1314 693 1353; x_wconf 86' lang='lat' dir='ltr'>Bertrandum</span> <span class='ocrx_word' id='word_1_181' title='bbox 722 1314 851 1353; x_wconf 88' lang='lat' dir='ltr'>istum</span> <span class='ocrx_word' id='word_1_182' title='bbox 882 1329 976 1352; x_wconf 88' lang='lat' dir='ltr'>vere</span> <span class='ocrx_word' id='word_1_183' title='bbox 1007 1314 1131 1352; x_wconf 83' lang='lat' dir='ltr'>fuisse</span> <span class='ocrx_word' id='word_1_184' title='bbox 1163 1315 1413 1353; x_wconf 85' lang='lat' dir='ltr'>cardinalem</span> <span class='ocrx_word' id='word_1_185' title='bbox 1448 1316 1622 1354; x_wconf 83' lang='lat' dir='ltr'>Sanctae</span> <span class='ocrx_word' id='word_1_186' title='bbox 1649 1316 1823 1353; x_wconf 86' lang='lat' dir='ltr'>Priscae.</span> <span class='ocrx_word' id='word_1_187' title='bbox 1858 1316 1971 1363; x_wconf 86' lang='lat' dir='ltr'>Quae</span> 
     </span>
     <span class='ocr_line' id='line_1_20' title="bbox 261 1373 1971 1425; baseline 0 -13"><span class='ocrx_word' id='word_1_188' title='bbox 261 1374 534 1424; x_wconf 86' lang='lat' dir='ltr'>repugnantia</span> <span class='ocrx_word' id='word_1_189' title='bbox 558 1374 614 1412; x_wconf 90' lang='lat' dir='ltr'>sic</span> <span class='ocrx_word' id='word_1_190' title='bbox 637 1373 737 1412; x_wconf 90' lang='lat' dir='ltr'>mihi</span> <span class='ocrx_word' id='word_1_191' title='bbox 760 1373 850 1411; x_wconf 88' lang='lat' dir='ltr'>tolli</span> <span class='ocrx_word' id='word_1_192' title='bbox 872 1388 991 1424; x_wconf 89' lang='lat' dir='ltr'>posse</span> <span class='ocrx_word' id='word_1_193' title='bbox 1014 1374 1181 1412; x_wconf 85' lang='lat' dir='ltr'>videtur</span> <span class='ocrx_word' id='word_1_194' title='bbox 1203 1382 1250 1412; x_wconf 92' lang='lat' dir='ltr'>ut</span> <span class='ocrx_word' id='word_1_195' title='bbox 1274 1374 1458 1412; x_wconf 87' lang='lat' dir='ltr'>dicamus</span> <span class='ocrx_word' id='word_1_196' title='bbox 1489 1375 1605 1414; x_wconf 88' lang='lat' dir='ltr'>illum</span> <span class='ocrx_word' id='word_1_197' title='bbox 1624 1375 1816 1413; x_wconf 85' lang='lat' dir='ltr'>habuisse</span> <span class='ocrx_word' id='word_1_198' title='bbox 1839 1375 1971 1425; x_wconf 90' lang='lat' dir='ltr'>primo</span> 
     </span>
     <span class='ocr_line' id='line_1_21' title="bbox 260 1433 1969 1483; baseline 0 -12"><span class='ocrx_word' id='word_1_199' title='bbox 260 1434 369 1471; x_wconf 83' lang='lat' dir='ltr'>hunc</span> <span class='ocrx_word' id='word_1_200' title='bbox 403 1434 588 1481; x_wconf 84' lang='lat' dir='ltr'>titulum,</span> <span class='ocrx_word' id='word_1_201' title='bbox 625 1433 695 1471; x_wconf 93' lang='lat' dir='ltr'>sed</span> <span class='ocrx_word' id='word_1_202' title='bbox 730 1441 875 1483; x_wconf 86' lang='lat' dir='ltr'>postea</span> <span class='ocrx_word' id='word_1_203' title='bbox 911 1441 1189 1472; x_wconf 87' lang='lat' dir='ltr'>commutasse</span> <span class='ocrx_word' id='word_1_204' title='bbox 1225 1448 1318 1473; x_wconf 91' lang='lat' dir='ltr'>cum</span> <span class='ocrx_word' id='word_1_205' title='bbox 1352 1434 1478 1472; x_wconf 90' lang='lat' dir='ltr'>titulo</span> <span class='ocrx_word' id='word_1_206' title='bbox 1514 1434 1690 1473; x_wconf 88' lang='lat' dir='ltr'>Sanctae</span> <span class='ocrx_word' id='word_1_207' title='bbox 1726 1434 1924 1472; x_wconf 89' lang='lat' dir='ltr'>Caeciliae</span> <span class='ocrx_word' id='word_1_208' title='bbox 1944 1433 1969 1471; x_wconf 71' lang='lat'>¹.</span> 
     </span>
     <span class='ocr_line' id='line_1_22' title="bbox 261 1492 1972 1540; baseline -0.001 -9"><span class='ocrx_word' id='word_1_209' title='bbox 261 1493 434 1531; x_wconf 82' lang='lat' dir='ltr'>Constat</span> <span class='ocrx_word' id='word_1_210' title='bbox 457 1493 579 1540; x_wconf 85' lang='lat' dir='ltr'>enim,</span> <span class='ocrx_word' id='word_1_211' title='bbox 602 1501 650 1530; x_wconf 90' lang='lat' dir='ltr'>ut</span> <span class='ocrx_word' id='word_1_212' title='bbox 673 1492 772 1539; x_wconf 79' lang='lat' dir='ltr'>dixi,</span> <span class='ocrx_word' id='word_1_213' title='bbox 794 1492 910 1531; x_wconf 89' lang='lat' dir='ltr'>illum</span> <span class='ocrx_word' id='word_1_214' title='bbox 932 1502 1131 1531; x_wconf 80' lang='lat' dir='ltr'>vocatum</span> <span class='ocrx_word' id='word_1_215' title='bbox 1154 1493 1278 1531; x_wconf 86' lang='lat' dir='ltr'>fuisse</span> <span class='ocrx_word' id='word_1_216' title='bbox 1301 1493 1553 1533; x_wconf 89' lang='lat' dir='ltr'>cardinalem</span> <span class='ocrx_word' id='word_1_217' title='bbox 1576 1493 1751 1532; x_wconf 88' lang='lat' dir='ltr'>Sanctae</span> <span class='ocrx_word' id='word_1_218' title='bbox 1774 1493 1972 1532; x_wconf 84' lang='lat' dir='ltr'>Caeciliae</span> 
     </span>
     <span class='ocr_line' id='line_1_23' title="bbox 261 1552 1246 1602; baseline 0 -12"><span class='ocrx_word' id='word_1_219' title='bbox 261 1567 306 1590; x_wconf 88' lang='lat' dir='ltr'>eo</span> <span class='ocrx_word' id='word_1_220' title='bbox 325 1560 510 1602; x_wconf 88' lang='lat' dir='ltr'>tempore</span> <span class='ocrx_word' id='word_1_221' title='bbox 531 1566 611 1601; x_wconf 84' lang='lat' dir='ltr'>quo</span> <span class='ocrx_word' id='word_1_222' title='bbox 631 1552 849 1601; x_wconf 86' lang='lat' dir='ltr'>Gregorius</span> <span class='ocrx_word' id='word_1_223' title='bbox 871 1552 933 1589; x_wconf 86' lang='lat' dir='ltr'>XI</span> <span class='ocrx_word' id='word_1_224' title='bbox 951 1552 1030 1589; x_wconf 86' lang='lat' dir='ltr'>fuit</span> <span class='ocrx_word' id='word_1_225' title='bbox 1049 1552 1091 1589; x_wconf 90' lang='lat' dir='ltr'>in</span> <span class='ocrx_word' id='word_1_226' title='bbox 1113 1553 1246 1590; x_wconf 88' lang='lat' dir='ltr'>Italia.</span> 
     </span>
    </p>

    <p class='ocr_par' dir='ltr' id='par_1_3' title="bbox 261 1611 1970 1841">
     <span class='ocr_line' id='line_1_24' title="bbox 314 1611 1970 1662; baseline 0.001 -14"><span class='ocrx_word' id='word_1_227' title='bbox 314 1612 432 1649; x_wconf 85' lang='lat' dir='ltr'>Anno</span> <span class='ocrx_word' id='word_1_228' title='bbox 452 1611 774 1658; x_wconf 78' lang='lat' dir='ltr'><strong>MCCCLXXII,</strong></span> <span class='ocrx_word' id='word_1_229' title='bbox 794 1625 886 1649; x_wconf 87' lang='lat' dir='ltr'>cum</span> <span class='ocrx_word' id='word_1_230' title='bbox 906 1612 1123 1661; x_wconf 83' lang='lat' dir='ltr'>Gregorius</span> <span class='ocrx_word' id='word_1_231' title='bbox 1142 1626 1250 1662; x_wconf 89' lang='lat' dir='ltr'>papa</span> <span class='ocrx_word' id='word_1_232' title='bbox 1263 1612 1479 1660; x_wconf 87' lang='lat' dir='ltr'>Thomam,</span> <span class='ocrx_word' id='word_1_233' title='bbox 1493 1612 1729 1652; x_wconf 85' lang='lat' dir='ltr'>ministrum</span> <span class='ocrx_word' id='word_1_234' title='bbox 1742 1612 1970 1662; x_wconf 84' lang='lat' dir='ltr'>generalem</span> 
     </span>
     <span class='ocr_line' id='line_1_25' title="bbox 261 1671 1969 1721; baseline 0 -13"><span class='ocrx_word' id='word_1_235' title='bbox 261 1671 412 1709; x_wconf 85' lang='lat' dir='ltr'>ordinis</span> <span class='ocrx_word' id='word_1_236' title='bbox 434 1671 610 1710; x_wconf 84' lang='lat' dir='ltr'>fratrum</span> <span class='ocrx_word' id='word_1_237' title='bbox 631 1671 850 1717; x_wconf 87' lang='lat' dir='ltr'>Minorum,</span> <span class='ocrx_word' id='word_1_238' title='bbox 872 1671 1155 1709; x_wconf 86' lang='lat' dir='ltr'>constituisset</span> <span class='ocrx_word' id='word_1_239' title='bbox 1184 1672 1465 1721; x_wconf 83' lang='lat' dir='ltr'>patriarcham</span> <span class='ocrx_word' id='word_1_240' title='bbox 1492 1671 1758 1719; x_wconf 85' lang='lat' dir='ltr'>Gradensem,</span> <span class='ocrx_word' id='word_1_241' title='bbox 1777 1671 1969 1710; x_wconf 87' lang='lat' dir='ltr'>Bertran-</span> 
     </span>
     <span class='ocr_line' id='line_1_26' title="bbox 261 1730 1970 1781; baseline 0.001 -14"><span class='ocrx_word' id='word_1_242' title='bbox 261 1730 357 1767; x_wconf 87' lang='lat' dir='ltr'>dum</span> <span class='ocrx_word' id='word_1_243' title='bbox 391 1730 641 1769; x_wconf 86' lang='lat' dir='ltr'>cardinalem</span> <span class='ocrx_word' id='word_1_244' title='bbox 671 1730 857 1768; x_wconf 89' lang='lat' dir='ltr'>instituit</span> <span class='ocrx_word' id='word_1_245' title='bbox 876 1730 890 1752; x_wconf 80' lang='lat'>2</span> <span class='ocrx_word' id='word_1_246' title='bbox 915 1730 1115 1769; x_wconf 88' lang='lat' dir='ltr'>vicarium</span> <span class='ocrx_word' id='word_1_247' title='bbox 1146 1730 1331 1780; x_wconf 84' lang='lat' dir='ltr'>ejusdem</span> <span class='ocrx_word' id='word_1_248' title='bbox 1362 1731 1534 1778; x_wconf 80' lang='lat' dir='ltr'>ordinis3</span> <span class='ocrx_word' id='word_1_249' title='bbox 1560 1731 1829 1781; x_wconf 53' lang='lat' dir='ltr'>thdingus,</span> <span class='ocrx_word' id='word_1_250' title='bbox 1862 1745 1970 1768; x_wconf 92' lang='lat' dir='ltr'>anno</span> 
     </span>
     <span class='ocr_line' id='line_1_27' title="bbox 263 1789 1295 1841; baseline 0.001 -15"><span class='ocrx_word' id='word_1_251' title='bbox 263 1789 377 1836; x_wconf 78' lang='grc'>1372,</span> <span class='ocrx_word' id='word_1_252' title='bbox 408 1790 424 1838; x_wconf 64' lang='grc' dir='ltr'>ξ</span> <span class='ocrx_word' id='word_1_253' title='bbox 451 1790 517 1837; x_wconf 82' lang='grc'>15;</span> <span class='ocrx_word' id='word_1_254' title='bbox 545 1790 659 1837; x_wconf 82' lang='grc'>1373,</span> <span class='ocrx_word' id='word_1_255' title='bbox 691 1790 707 1838; x_wconf 62' lang='grc' dir='ltr'>ἓ</span> <span class='ocrx_word' id='word_1_256' title='bbox 734 1789 782 1827; x_wconf 84' lang='grc'>16</span> <span class='ocrx_word' id='word_1_257' title='bbox 817 1789 862 1839; x_wconf 90' lang='lat' dir='ltr'>[t.</span> <span class='ocrx_word' id='word_1_258' title='bbox 889 1804 973 1837; x_wconf 87' lang='lat' dir='ltr'>vm,</span> <span class='ocrx_word' id='word_1_259' title='bbox 998 1805 1037 1840; x_wconf 88' lang='lat' dir='ltr'>p.</span> <span class='ocrx_word' id='word_1_260' title='bbox 1064 1789 1153 1837; x_wconf 84' lang='grc'>256,</span> <span class='ocrx_word' id='word_1_261' title='bbox 1179 1790 1295 1841; x_wconf 61' lang='lat'><strong>277}</strong></span> 
     </span>
    </p>

    <p class='ocr_par' dir='ltr' id='par_1_4' title="bbox 262 1849 1971 2433">
     <span class='ocr_line' id='line_1_28' title="bbox 315 1849 1970 1900; baseline 0.001 -14"><span class='ocrx_word' id='word_1_262' title='bbox 315 1849 458 1887; x_wconf 82' lang='lat' dir='ltr'>Tradit</span> <span class='ocrx_word' id='word_1_263' title='bbox 476 1849 690 1887; x_wconf 88' lang='lat' dir='ltr'>Ciaconius</span> <span class='ocrx_word' id='word_1_264' title='bbox 719 1849 765 1898; x_wconf 78' lang='lat' dir='ltr'>[t.</span> <span class='ocrx_word' id='word_1_265' title='bbox 783 1863 825 1896; x_wconf 91' lang='lat'>11,</span> <span class='ocrx_word' id='word_1_266' title='bbox 843 1849 917 1887; x_wconf 91' lang='lat' dir='ltr'>col.</span> <span class='ocrx_word' id='word_1_267' title='bbox 937 1849 1037 1899; x_wconf 78' lang='lat'><strong>601]</strong></span> <span class='ocrx_word' id='word_1_268' title='bbox 1056 1849 1172 1889; x_wconf 90' lang='lat' dir='ltr'>illum</span> <span class='ocrx_word' id='word_1_269' title='bbox 1189 1864 1211 1887; x_wconf 90' lang='lat' dir='ltr'>a</span> <span class='ocrx_word' id='word_1_270' title='bbox 1230 1850 1425 1899; x_wconf 89' lang='lat' dir='ltr'>Gregorio</span> <span class='ocrx_word' id='word_1_271' title='bbox 1444 1850 1506 1887; x_wconf 88' lang='lat' dir='ltr'>XI</span> <span class='ocrx_word' id='word_1_272' title='bbox 1523 1850 1565 1887; x_wconf 93' lang='lat' dir='ltr'>in</span> <span class='ocrx_word' id='word_1_273' title='bbox 1584 1850 1830 1900; x_wconf 88' lang='lat' dir='ltr'>Hispaniam</span> <span class='ocrx_word' id='word_1_274' title='bbox 1846 1849 1970 1887; x_wconf 87' lang='lat' dir='ltr'>fuisse</span> 
     </span>
     <span class='ocr_line' id='line_1_29' title="bbox 262 1908 1971 1959; baseline 0 -14"><span class='ocrx_word' id='word_1_275' title='bbox 262 1909 513 1958; x_wconf 85' lang='lat' dir='ltr'>ablegatum.</span> <span class='ocrx_word' id='word_1_276' title='bbox 535 1910 684 1946; x_wconf 90' lang='lat' dir='ltr'>Postea</span> <span class='ocrx_word' id='word_1_277' title='bbox 704 1908 931 1955; x_wconf 87' lang='lat' dir='ltr'>Frizonius,</span> <span class='ocrx_word' id='word_1_278' title='bbox 949 1924 988 1959; x_wconf 87' lang='lat' dir='ltr'>p.</span> <span class='ocrx_word' id='word_1_279' title='bbox 1009 1908 1100 1956; x_wconf 83' lang='grc'>395,</span> <span class='ocrx_word' id='word_1_280' title='bbox 1118 1909 1282 1946; x_wconf 89' lang='lat' dir='ltr'>addidit</span> <span class='ocrx_word' id='word_1_281' title='bbox 1300 1909 1471 1949; x_wconf 89' lang='lat' dir='ltr'>missum</span> <span class='ocrx_word' id='word_1_282' title='bbox 1489 1909 1541 1946; x_wconf 87' lang='lat' dir='ltr'>ab</span> <span class='ocrx_word' id='word_1_283' title='bbox 1560 1924 1606 1947; x_wconf 90' lang='lat' dir='ltr'>eo</span> <span class='ocrx_word' id='word_1_284' title='bbox 1624 1909 1747 1947; x_wconf 82' lang='lat' dir='ltr'>fuisse</span> <span class='ocrx_word' id='word_1_285' title='bbox 1766 1908 1818 1946; x_wconf 89' lang='lat' dir='ltr'>ad</span> <span class='ocrx_word' id='word_1_286' title='bbox 1835 1922 1971 1959; x_wconf 87' lang='lat' dir='ltr'>regem</span> 
     </span>
     <span class='ocr_line' id='line_1_30' title="bbox 263 1967 1971 2019; baseline 0.001 -14"><span class='ocrx_word' id='word_1_287' title='bbox 263 1968 462 2005; x_wconf 86' lang='lat' dir='ltr'>Castellae</span> <span class='ocrx_word' id='word_1_288' title='bbox 492 1969 697 2007; x_wconf 70' lang='lat' dir='ltr'>,Ioannem</span> <span class='ocrx_word' id='word_1_289' title='bbox 726 1967 848 2017; x_wconf 86' lang='lat' dir='ltr'>hujus</span> <span class='ocrx_word' id='word_1_290' title='bbox 878 1968 1055 2007; x_wconf 89' lang='lat' dir='ltr'>nominis</span> <span class='ocrx_word' id='word_1_291' title='bbox 1083 1969 1263 2018; x_wconf 89' lang='lat' dir='ltr'>primum</span> <span class='ocrx_word' id='word_1_292' title='bbox 1291 1976 1387 2019; x_wconf 90' lang='lat' dir='ltr'>post</span> <span class='ocrx_word' id='word_1_293' title='bbox 1414 1968 1574 2018; x_wconf 88' lang='lat' dir='ltr'>aliquot</span> <span class='ocrx_word' id='word_1_294' title='bbox 1602 1983 1730 2006; x_wconf 86' lang='lat' dir='ltr'>annos</span> <span class='ocrx_word' id='word_1_295' title='bbox 1759 1976 1971 2007; x_wconf 87' lang='lat' dir='ltr'>mortuum</span> 
     </span>
     <span class='ocr_line' id='line_1_31' title="bbox 263 2027 1970 2077; baseline 0 -13"><span class='ocrx_word' id='word_1_296' title='bbox 263 2041 359 2064; x_wconf 84' lang='lat' dir='ltr'>casu</span> <span class='ocrx_word' id='word_1_297' title='bbox 380 2027 486 2077; x_wconf 81' lang='lat' dir='ltr'>equi.</span> <span class='ocrx_word' id='word_1_298' title='bbox 510 2027 629 2075; x_wconf 87' lang='lat' dir='ltr'>Quod</span> <span class='ocrx_word' id='word_1_299' title='bbox 650 2027 745 2065; x_wconf 84' lang='lat' dir='ltr'>ferri</span> <span class='ocrx_word' id='word_1_300' title='bbox 765 2028 1022 2067; x_wconf 87' lang='lat' dir='ltr'>nullomodo</span> <span class='ocrx_word' id='word_1_301' title='bbox 1043 2036 1196 2077; x_wconf 85' lang='lat' dir='ltr'>potest,</span> <span class='ocrx_word' id='word_1_302' title='bbox 1218 2041 1312 2066; x_wconf 90' lang='lat' dir='ltr'>cum</span> <span class='ocrx_word' id='word_1_303' title='bbox 1333 2028 1514 2066; x_wconf 86' lang='lat' dir='ltr'>Joannes</span> <span class='ocrx_word' id='word_1_304' title='bbox 1536 2042 1618 2065; x_wconf 93' lang='lat' dir='ltr'>non</span> <span class='ocrx_word' id='word_1_305' title='bbox 1639 2028 1763 2066; x_wconf 84' lang='lat' dir='ltr'>fuerit</span> <span class='ocrx_word' id='word_1_306' title='bbox 1782 2042 1855 2065; x_wconf 82' lang='lat' dir='ltr'>rcx</span> <span class='ocrx_word' id='word_1_307' title='bbox 1873 2027 1970 2064; x_wconf 90' lang='lat' dir='ltr'>vivo</span> 
     </span>
     <span class='ocr_line' id='line_1_32' title="bbox 263 2086 1971 2137; baseline 0.001 -13"><span class='ocrx_word' id='word_1_308' title='bbox 263 2087 470 2135; x_wconf 76' lang='lat' dir='ltr'>Gregorio,</span> <span class='ocrx_word' id='word_1_309' title='bbox 498 2087 567 2124; x_wconf 90' lang='lat' dir='ltr'>sed</span> <span class='ocrx_word' id='word_1_310' title='bbox 594 2095 689 2136; x_wconf 86' lang='lat' dir='ltr'>post</span> <span class='ocrx_word' id='word_1_311' title='bbox 715 2087 945 2126; x_wconf 81' lang='lat' dir='ltr'>conflatum</span> <span class='ocrx_word' id='word_1_312' title='bbox 972 2087 1162 2126; x_wconf 87' lang='lat' dir='ltr'>schisma.</span> <span class='ocrx_word' id='word_1_313' title='bbox 1192 2088 1315 2125; x_wconf 84' lang='lat' dir='ltr'>Error</span> <span class='ocrx_word' id='word_1_314' title='bbox 1348 2095 1410 2125; x_wconf 86' lang='lat' dir='ltr'>est</span> <span class='ocrx_word' id='word_1_315' title='bbox 1436 2087 1631 2134; x_wconf 89' lang='lat' dir='ltr'>Ciaconii,</span> <span class='ocrx_word' id='word_1_316' title='bbox 1659 2087 1729 2137; x_wconf 90' lang='lat' dir='ltr'>qui</span> <span class='ocrx_word' id='word_1_317' title='bbox 1754 2086 1971 2125; x_wconf 87' lang='lat' dir='ltr'>historiam</span> 
     </span>
     <span class='ocr_line' id='line_1_33' title="bbox 264 2145 1968 2196; baseline 0.001 -14"><span class='ocrx_word' id='word_1_318' title='bbox 264 2160 367 2194; x_wconf 83' lang='lat' dir='ltr'>quae</span> <span class='ocrx_word' id='word_1_319' title='bbox 385 2146 566 2195; x_wconf 84' lang='lat' dir='ltr'>pertinet</span> <span class='ocrx_word' id='word_1_320' title='bbox 581 2146 633 2183; x_wconf 88' lang='lat' dir='ltr'>ad</span> <span class='ocrx_word' id='word_1_321' title='bbox 648 2146 928 2185; x_wconf 86' lang='lat' dir='ltr'>Bertrandum</span> <span class='ocrx_word' id='word_1_322' title='bbox 944 2146 992 2183; x_wconf 91' lang='lat' dir='ltr'>de</span> <span class='ocrx_word' id='word_1_323' title='bbox 1006 2146 1187 2184; x_wconf 85' lang='lat' dir='ltr'>Cosnaco</span> <span class='ocrx_word' id='word_1_324' title='bbox 1203 2147 1420 2184; x_wconf 83' lang='lat' dir='ltr'>transtulit</span> <span class='ocrx_word' id='word_1_325' title='bbox 1437 2147 1489 2184; x_wconf 90' lang='lat' dir='ltr'>ad</span> <span class='ocrx_word' id='word_1_326' title='bbox 1504 2146 1781 2185; x_wconf 82' lang='lat' dir='ltr'>Bertrandum</span> <span class='ocrx_word' id='word_1_327' title='bbox 1798 2145 1968 2196; x_wconf 88' lang='lat' dir='ltr'>Lagerii.</span> 
     </span>
     <span class='ocr_line' id='line_1_34' title="bbox 264 2204 1970 2255; baseline 0.001 -14"><span class='ocrx_word' id='word_1_328' title='bbox 264 2205 381 2252; x_wconf 79' lang='lat' dir='ltr'>Quod</span> <span class='ocrx_word' id='word_1_329' title='bbox 414 2219 507 2244; x_wconf 86' lang='lat' dir='ltr'>cum</span> <span class='ocrx_word' id='word_1_330' title='bbox 538 2205 605 2242; x_wconf 86' lang='lat' dir='ltr'>alii</span> <span class='ocrx_word' id='word_1_331' title='bbox 637 2205 796 2255; x_wconf 88' lang='lat' dir='ltr'>pridem</span> <span class='ocrx_word' id='word_1_332' title='bbox 829 2205 1156 2252; x_wconf 85' lang='lat' dir='ltr'>observaverint,</span> <span class='ocrx_word' id='word_1_333' title='bbox 1188 2205 1312 2243; x_wconf 87' lang='lat' dir='ltr'>miror</span> <span class='ocrx_word' id='word_1_334' title='bbox 1344 2206 1567 2245; x_wconf 90' lang='lat' dir='ltr'>Oldoinum</span> <span class='ocrx_word' id='word_1_335' title='bbox 1605 2205 1665 2243; x_wconf 86' lang='lat' dir='ltr'>ita</span> <span class='ocrx_word' id='word_1_336' title='bbox 1704 2219 1851 2255; x_wconf 73' lang='lat' dir='ltr'>parum</span> <span class='ocrx_word' id='word_1_337' title='bbox 1883 2204 1970 2242; x_wconf 90' lang='lat' dir='ltr'>dili-</span> 
     </span>
     <span class='ocr_line' id='line_1_35' title="bbox 265 2264 1971 2315; baseline 0.001 -15"><span class='ocrx_word' id='word_1_338' title='bbox 265 2272 427 2312; x_wconf 85' lang='lat' dir='ltr'>gentem</span> <span class='ocrx_word' id='word_1_339' title='bbox 452 2278 498 2302; x_wconf 90' lang='lat' dir='ltr'>ac</span> <span class='ocrx_word' id='word_1_340' title='bbox 525 2273 693 2302; x_wconf 90' lang='lat' dir='ltr'>cautum</span> <span class='ocrx_word' id='word_1_341' title='bbox 721 2264 844 2302; x_wconf 89' lang='lat' dir='ltr'>fuisse</span> <span class='ocrx_word' id='word_1_342' title='bbox 870 2272 917 2301; x_wconf 89' lang='lat' dir='ltr'>ut</span> <span class='ocrx_word' id='word_1_343' title='bbox 942 2265 1067 2302; x_wconf 88' lang='lat' dir='ltr'>etiam</span> <span class='ocrx_word' id='word_1_344' title='bbox 1099 2273 1194 2315; x_wconf 89' lang='lat' dir='ltr'>post</span> <span class='ocrx_word' id='word_1_345' title='bbox 1230 2265 1393 2304; x_wconf 81' lang='lat' dir='ltr'>illorum</span> <span class='ocrx_word' id='word_1_346' title='bbox 1418 2265 1747 2304; x_wconf 88' lang='lat' dir='ltr'>admonitionem</span> <span class='ocrx_word' id='word_1_347' title='bbox 1775 2264 1971 2303; x_wconf 87' lang='lat' dir='ltr'>scriberet</span> 
     </span>
     <span class='ocr_line' id='line_1_36' title="bbox 263 2323 1971 2374; baseline 0.001 -15"><span class='ocrx_word' id='word_1_348' title='bbox 263 2324 370 2361; x_wconf 83' lang='lat' dir='ltr'>hunc</span> <span class='ocrx_word' id='word_1_349' title='bbox 403 2324 681 2363; x_wconf 86' lang='lat' dir='ltr'>Bertrandum</span> <span class='ocrx_word' id='word_1_350' title='bbox 714 2323 873 2373; x_wconf 89' lang='lat' dir='ltr'>Lagerii</span> <span class='ocrx_word' id='word_1_351' title='bbox 904 2324 1120 2373; x_wconf 88' lang='lat' dir='ltr'>legationis</span> <span class='ocrx_word' id='word_1_352' title='bbox 1154 2338 1321 2362; x_wconf 87' lang='lat' dir='ltr'>munere</span> <span class='ocrx_word' id='word_1_353' title='bbox 1353 2324 1396 2361; x_wconf 89' lang='lat' dir='ltr'>in</span> <span class='ocrx_word' id='word_1_354' title='bbox 1430 2324 1629 2374; x_wconf 91' lang='lat' dir='ltr'>Hispania</span> <span class='ocrx_word' id='word_1_355' title='bbox 1663 2324 1854 2363; x_wconf 85' lang='lat' dir='ltr'>functum</span> <span class='ocrx_word' id='word_1_356' title='bbox 1886 2338 1971 2361; x_wconf 88' lang='lat' dir='ltr'>esse</span> 
     </span>
     <span class='ocr_line' id='line_1_37' title="bbox 264 2383 1541 2433; baseline 0.002 -15"><span class='ocrx_word' id='word_1_357' title='bbox 264 2383 315 2419; x_wconf 88' lang='lat' dir='ltr'>ad</span> <span class='ocrx_word' id='word_1_358' title='bbox 347 2397 482 2431; x_wconf 83' lang='lat' dir='ltr'>regem</span> <span class='ocrx_word' id='word_1_359' title='bbox 514 2384 714 2421; x_wconf 88' lang='lat' dir='ltr'>Castellae</span> <span class='ocrx_word' id='word_1_360' title='bbox 748 2384 953 2422; x_wconf 70' lang='lat' dir='ltr'>,Ioannem</span> <span class='ocrx_word' id='word_1_361' title='bbox 985 2383 1107 2432; x_wconf 86' lang='lat' dir='ltr'>hujus</span> <span class='ocrx_word' id='word_1_362' title='bbox 1140 2383 1316 2423; x_wconf 89' lang='lat' dir='ltr'>nominis</span> <span class='ocrx_word' id='word_1_363' title='bbox 1349 2383 1541 2433; x_wconf 82' lang='lat' dir='ltr'>primum.</span> 
     </span>
    </p>

    <p class='ocr_par' dir='ltr' id='par_1_5' title="bbox 265 2442 1971 2611">
     <span class='ocr_line' id='line_1_38' title="bbox 318 2442 1971 2492; baseline 0.001 -15"><span class='ocrx_word' id='word_1_364' title='bbox 318 2442 436 2479; x_wconf 64' lang='lat' dir='ltr'>Anno</span> <span class='ocrx_word' id='word_1_365' title='bbox 473 2442 793 2480; x_wconf 82' lang='lat' dir='ltr'>MCCCLXXVI</span> <span class='ocrx_word' id='word_1_366' title='bbox 831 2443 1053 2481; x_wconf 86' lang='lat' dir='ltr'>comitatus</span> <span class='ocrx_word' id='word_1_367' title='bbox 1089 2451 1152 2480; x_wconf 86' lang='lat' dir='ltr'>est</span> <span class='ocrx_word' id='word_1_368' title='bbox 1187 2443 1427 2492; x_wconf 86' lang='lat' dir='ltr'>Gregorium</span> <span class='ocrx_word' id='word_1_369' title='bbox 1466 2442 1527 2480; x_wconf 87' lang='lat' dir='ltr'>XI</span> <span class='ocrx_word' id='word_1_370' title='bbox 1562 2442 1893 2492; x_wconf 88' lang='lat' dir='ltr'>proficiscentem</span> <span class='ocrx_word' id='word_1_371' title='bbox 1929 2442 1971 2478; x_wconf 89' lang='lat' dir='ltr'>in</span> 
     </span>
     <span class='ocr_line' id='line_1_39' title="bbox 269 2501 1970 2552; baseline 0.001 -16"><span class='ocrx_word' id='word_1_372' title='bbox 269 2501 444 2538; x_wconf 79' lang='lat' dir='ltr'>ltaliam.</span> <span class='ocrx_word' id='word_1_373' title='bbox 472 2501 658 2539; x_wconf 67' lang='lat' dir='ltr'>Adnotat</span> <span class='ocrx_word' id='word_1_374' title='bbox 682 2510 824 2541; x_wconf 89' lang='lat' dir='ltr'>autem</span> <span class='ocrx_word' id='word_1_375' title='bbox 846 2502 1160 2551; x_wconf 84' lang='lat' dir='ltr'>Boninsegnius,</span> <span class='ocrx_word' id='word_1_376' title='bbox 1185 2517 1224 2552; x_wconf 89' lang='lat' dir='ltr'>p.</span> <span class='ocrx_word' id='word_1_377' title='bbox 1250 2501 1340 2549; x_wconf 77' lang='grc'>583,</span> <span class='ocrx_word' id='word_1_378' title='bbox 1366 2510 1455 2539; x_wconf 84' lang='lat' dir='ltr'>orta</span> <span class='ocrx_word' id='word_1_379' title='bbox 1478 2510 1571 2539; x_wconf 84' lang='lat' dir='ltr'>tum</span> <span class='ocrx_word' id='word_1_380' title='bbox 1593 2509 1845 2551; x_wconf 85' lang='lat' dir='ltr'>tempestate</span> <span class='ocrx_word' id='word_1_381' title='bbox 1869 2501 1970 2539; x_wconf 87' lang='lat' dir='ltr'>frac-</span> 
     </span>
     <span class='ocr_line' id='line_1_40' title="bbox 265 2560 1970 2611; baseline 0.001 -16"><span class='ocrx_word' id='word_1_382' title='bbox 265 2568 352 2598; x_wconf 79' lang='lat' dir='ltr'>tam</span> <span class='ocrx_word' id='word_1_383' title='bbox 379 2561 500 2597; x_wconf 81' lang='lat' dir='ltr'>luisse</span> <span class='ocrx_word' id='word_1_384' title='bbox 527 2561 578 2597; x_wconf 83' lang='lat' dir='ltr'>ad</span> <span class='ocrx_word' id='word_1_385' title='bbox 605 2561 873 2600; x_wconf 90' lang='lat' dir='ltr'>Talamonem</span> <span class='ocrx_word' id='word_1_386' title='bbox 899 2561 1109 2600; x_wconf 86' lang='lat' dir='ltr'>triremem</span> <span class='ocrx_word' id='word_1_387' title='bbox 1144 2562 1331 2599; x_wconf 87' lang='lat' dir='ltr'>Joannae</span> <span class='ocrx_word' id='word_1_388' title='bbox 1366 2561 1528 2610; x_wconf 84' lang='lat' dir='ltr'>reginae</span> <span class='ocrx_word' id='word_1_389' title='bbox 1564 2560 1863 2611; x_wconf 89' lang='lat' dir='ltr'>Neapolitanae</span> <span class='ocrx_word' id='word_1_390' title='bbox 1890 2573 1970 2610; x_wconf 89' lang='lat' dir='ltr'>qua</span> 
     </span>
    </p>
   </div>
   <div class='ocr_carea' id='block_1_3' title="bbox 266 2725 1974 3137">
    <p class='ocr_par' dir='ltr' id='par_1_6' title="bbox 266 2725 1974 3083">
     <span class='ocr_line' id='line_1_41' title="bbox 314 2725 1974 2769; baseline 0.002 -14"><span class='ocrx_word' id='word_1_391' title='bbox 314 2726 343 2756; x_wconf 85' lang='lat'>1.</span> <span class='ocrx_word' id='word_1_392' title='bbox 376 2725 427 2756; x_wconf 84' lang='lat' dir='ltr'>La</span> <span class='ocrx_word' id='word_1_393' title='bbox 451 2726 664 2768; x_wconf 75' lang='lat' dir='ltr'>conjecture</span> <span class='ocrx_word' id='word_1_394' title='bbox 688 2733 744 2759; x_wconf 87' lang='lat' dir='ltr'>cst</span> <span class='ocrx_word' id='word_1_395' title='bbox 766 2734 909 2760; x_wconf 83' lang='lat' dir='ltr'>exacte.</span> <span class='ocrx_word' id='word_1_396' title='bbox 934 2727 1121 2760; x_wconf 83' lang='lat' dir='ltr'>Bertrand</span> <span class='ocrx_word' id='word_1_397' title='bbox 1143 2727 1276 2769; x_wconf 85' lang='lat' dir='ltr'>Lagier</span> <span class='ocrx_word' id='word_1_398' title='bbox 1297 2732 1362 2758; x_wconf 85' lang='lat' dir='ltr'>eut</span> <span class='ocrx_word' id='word_1_399' title='bbox 1383 2726 1700 2759; x_wconf 80' lang='lat' dir='ltr'>successivement</span> <span class='ocrx_word' id='word_1_400' title='bbox 1720 2726 1857 2769; x_wconf 77' lang='lat' dir='ltr'>l’eglise</span> <span class='ocrx_word' id='word_1_401' title='bbox 1880 2726 1974 2759; x_wconf 83' lang='lat' dir='ltr'>titu-</span> 
     </span>
     <span class='ocr_line' id='line_1_42' title="bbox 266 2778 1970 2823; baseline 0.002 -15"><span class='ocrx_word' id='word_1_402' title='bbox 266 2778 352 2809; x_wconf 73' lang='lat' dir='ltr'>Iaire</span> <span class='ocrx_word' id='word_1_403' title='bbox 379 2779 421 2809; x_wconf 66' lang='grc' dir='ltr'>(1ο</span> <span class='ocrx_word' id='word_1_404' title='bbox 447 2778 763 2822; x_wconf 72' lang='lat' dir='ltr'>Sainte-Prisque,</span> <span class='ocrx_word' id='word_1_405' title='bbox 790 2780 871 2823; x_wconf 85' lang='lat' dir='ltr'>puis</span> <span class='ocrx_word' id='word_1_406' title='bbox 897 2781 984 2813; x_wconf 87' lang='lat' dir='ltr'>celle</span> <span class='ocrx_word' id='word_1_407' title='bbox 1010 2781 1053 2813; x_wconf 88' lang='lat' dir='ltr'>de</span> <span class='ocrx_word' id='word_1_408' title='bbox 1079 2779 1358 2819; x_wconf 77' lang='lat' dir='ltr'>Sainte-Cecsse,</span> <span class='ocrx_word' id='word_1_409' title='bbox 1385 2791 1466 2812; x_wconf 85' lang='lat' dir='ltr'>vers</span> <span class='ocrx_word' id='word_1_410' title='bbox 1483 2780 1587 2819; x_wconf 81' lang='grc'>1375,</span> <span class='ocrx_word' id='word_1_411' title='bbox 1604 2785 1642 2812; x_wconf 83' lang='lat' dir='ltr'>et</span> <span class='ocrx_word' id='word_1_412' title='bbox 1665 2780 1779 2820; x_wconf 81' lang='lat' dir='ltr'>enfin,</span> <span class='ocrx_word' id='word_1_413' title='bbox 1806 2791 1853 2812; x_wconf 88' lang='lat' dir='ltr'>au</span> <span class='ocrx_word' id='word_1_414' title='bbox 1876 2779 1970 2812; x_wconf 90' lang='lat' dir='ltr'>mois</span> 
     </span>
     <span class='ocr_line' id='line_1_43' title="bbox 268 2830 1970 2876; baseline 0.004 -17"><span class='ocrx_word' id='word_1_415' title='bbox 268 2830 399 2862; x_wconf 71' lang='lat' dir='ltr'>‹l&#39;avril</span> <span class='ocrx_word' id='word_1_416' title='bbox 425 2832 529 2870; x_wconf 77' lang='lat'><strong>1378,</strong></span> <span class='ocrx_word' id='word_1_417' title='bbox 556 2832 719 2865; x_wconf 45' lang='lat' dir='ltr'>lewe-he</span> <span class='ocrx_word' id='word_1_418' title='bbox 745 2833 889 2866; x_wconf 76' lang='lat' dir='ltr'>d’Ostie</span> <span class='ocrx_word' id='word_1_419' title='bbox 919 2834 1064 2875; x_wconf 84' lang='lat' dir='ltr'>(Eubel,</span> <span class='ocrx_word' id='word_1_420' title='bbox 1090 2833 1321 2872; x_wconf 65' lang='lat' dir='ltr'>Hier-archia,</span> <span class='ocrx_word' id='word_1_421' title='bbox 1348 2838 1373 2865; x_wconf 86' lang='lat' dir='ltr'>t.</span> <span class='ocrx_word' id='word_1_422' title='bbox 1399 2845 1422 2872; x_wconf 90' lang='lat'>1,</span> <span class='ocrx_word' id='word_1_423' title='bbox 1449 2844 1484 2876; x_wconf 81' lang='lat' dir='ltr'>p.</span> <span class='ocrx_word' id='word_1_424' title='bbox 1512 2831 1567 2872; x_wconf 46' lang='lat'>2¹1,</span> <span class='ocrx_word' id='word_1_425' title='bbox 1594 2833 1651 2873; x_wconf 80' lang='lat'>40,</span> <span class='ocrx_word' id='word_1_426' title='bbox 1678 2832 1750 2876; x_wconf 77' lang='lat'><strong>46).</strong></span> <span class='ocrx_word' id='word_1_427' title='bbox 1777 2832 1970 2865; x_wconf 84' lang='lat' dir='ltr'>Toutefois</span> 
     </span>
     <span class='ocr_line' id='line_1_44' title="bbox 267 2883 1969 2929; baseline 0.004 -17"><span class='ocrx_word' id='word_1_428' title='bbox 267 2883 420 2925; x_wconf 51' lang='lat' dir='ltr'>surprise</span> <span class='ocrx_word' id='word_1_429' title='bbox 444 2884 485 2915; x_wconf 76' lang='lat' dir='ltr'>(ls-</span> <span class='ocrx_word' id='word_1_430' title='bbox 508 2886 717 2927; x_wconf 76' lang='lat' dir='ltr'>possession</span> <span class='ocrx_word' id='word_1_431' title='bbox 738 2886 781 2918; x_wconf 85' lang='lat' dir='ltr'>dc</span> <span class='ocrx_word' id='word_1_432' title='bbox 802 2886 939 2929; x_wconf 79' lang='lat' dir='ltr'>l&#39;eglise</span> <span class='ocrx_word' id='word_1_433' title='bbox 956 2886 1260 2929; x_wconf 81' lang='lat' dir='ltr'>Sainte-Prisquc</span> <span class='ocrx_word' id='word_1_434' title='bbox 1277 2897 1321 2919; x_wconf 84' lang='lat' dir='ltr'>ne</span> <span class='ocrx_word' id='word_1_435' title='bbox 1341 2886 1488 2929; x_wconf 78' lang='lat' dir='ltr'>s’opera</span> <span class='ocrx_word' id='word_1_436' title='bbox 1504 2897 1569 2929; x_wconf 89' lang='lat' dir='ltr'>pas</span> <span class='ocrx_word' id='word_1_437' title='bbox 1590 2897 1675 2918; x_wconf 86' lang='lat' dir='ltr'>sans</span> <span class='ocrx_word' id='word_1_438' title='bbox 1697 2886 1906 2919; x_wconf 76' lang='lat' dir='ltr'>difficultes.</span> <span class='ocrx_word' id='word_1_439' title='bbox 1920 2885 1969 2918; x_wconf 87' lang='lat' dir='ltr'>Le</span> 
     </span>
     <span class='ocr_line' id='line_1_45' title="bbox 270 2936 1968 2984; baseline 0.004 -18"><span class='ocrx_word' id='word_1_440' title='bbox 270 2938 286 2965; x_wconf 71' lang='lat'><strong>2</strong></span> <span class='ocrx_word' id='word_1_441' title='bbox 307 2936 427 2977; x_wconf 61' lang='lat' dir='ltr'>juillet</span> <span class='ocrx_word' id='word_1_442' title='bbox 454 2938 540 2969; x_wconf 74' lang='lat'>1372</span> <span class='ocrx_word' id='word_1_443' title='bbox 561 2939 627 2970; x_wconf 71' lang='lat' dir='ltr'>elle</span> <span class='ocrx_word' id='word_1_444' title='bbox 648 2939 789 2971; x_wconf 74' lang='lat' dir='ltr'>n&#39;avait</span> <span class='ocrx_word' id='word_1_445' title='bbox 814 2951 879 2982; x_wconf 88' lang='lat' dir='ltr'>pas</span> <span class='ocrx_word' id='word_1_446' title='bbox 900 2951 1032 2973; x_wconf 84' lang='lat' dir='ltr'>encore</span> <span class='ocrx_word' id='word_1_447' title='bbox 1052 2952 1102 2984; x_wconf 91' lang='lat' dir='ltr'>pu</span> <span class='ocrx_word' id='word_1_448' title='bbox 1123 2939 1359 2982; x_wconf 83' lang='lat' dir='ltr'>s&#39;accomplir</span> <span class='ocrx_word' id='word_1_449' title='bbox 1383 2939 1527 2982; x_wconf 84' lang='lat' dir='ltr'>(Eubel,</span> <span class='ocrx_word' id='word_1_450' title='bbox 1549 2939 1592 2971; x_wconf 91' lang='grc' dir='ltr'>Β.</span> <span class='ocrx_word' id='word_1_451' title='bbox 1615 2939 1672 2978; x_wconf 80' lang='lat' dir='ltr'>F.‚</span> <span class='ocrx_word' id='word_1_452' title='bbox 1695 2945 1720 2971; x_wconf 74' lang='lat' dir='ltr'>t.</span> <span class='ocrx_word' id='word_1_453' title='bbox 1744 2951 1792 2978; x_wconf 82' lang='lat' dir='ltr'>v1,</span> <span class='ocrx_word' id='word_1_454' title='bbox 1815 2951 1848 2982; x_wconf 88' lang='lat' dir='ltr'>p.</span> <span class='ocrx_word' id='word_1_455' title='bbox 1871 2939 1968 2981; x_wconf 79' lang='lat'><strong>456).</strong></span> 
     </span>
     <span class='ocr_line' id='line_1_46' title="bbox 268 2988 1969 3035; baseline 0.004 -17"><span class='ocrx_word' id='word_1_456' title='bbox 268 2988 314 3018; x_wconf 50' lang='lat' dir='ltr'>ln-</span> <span class='ocrx_word' id='word_1_457' title='bbox 333 2990 496 3021; x_wconf 57' lang='lat' dir='ltr'>mmmm!</span> <span class='ocrx_word' id='word_1_458' title='bbox 516 2992 629 3030; x_wconf 68' lang='lat' dir='ltr'>gai-(la</span> <span class='ocrx_word' id='word_1_459' title='bbox 646 2992 981 3026; x_wconf 72' lang='lat' dir='ltr'>l&#39;adniinistration</span> <span class='ocrx_word' id='word_1_460' title='bbox 999 2994 1048 3025; x_wconf 88' lang='lat' dir='ltr'>du</span> <span class='ocrx_word' id='word_1_461' title='bbox 1066 2993 1209 3025; x_wconf 76' lang='lat' dir='ltr'>diocese</span> <span class='ocrx_word' id='word_1_462' title='bbox 1228 2993 1271 3025; x_wconf 91' lang='lat' dir='ltr'>de</span> <span class='ocrx_word' id='word_1_463' title='bbox 1289 2992 1500 3025; x_wconf 75' lang='lat' dir='ltr'>Glandeves</span> <span class='ocrx_word' id='word_1_464' title='bbox 1517 2992 1694 3035; x_wconf 83' lang='lat' dir='ltr'>jusqu&#39;en</span> <span class='ocrx_word' id='word_1_465' title='bbox 1712 2993 1803 3025; x_wconf 90' lang='grc'>1375</span> <span class='ocrx_word' id='word_1_466' title='bbox 1824 2991 1969 3035; x_wconf 71' lang='lat' dir='ltr'>(Euboi,</span> 
     </span>
     <span class='ocr_line' id='line_1_47' title="bbox 270 3043 563 3083; baseline 0.01 -11"><span class='ocrx_word' id='word_1_467' title='bbox 270 3046 304 3071; x_wconf 75' lang='lat' dir='ltr'>ul</span> <span class='ocrx_word' id='word_1_468' title='bbox 324 3054 364 3075; x_wconf 55' lang='lat' dir='ltr'>sp„</span> <span class='ocrx_word' id='word_1_469' title='bbox 391 3054 420 3074; x_wconf 71' lang='grc' dir='ltr'>ιι.</span> <span class='ocrx_word' id='word_1_470' title='bbox 446 3043 563 3083; x_wconf 62' lang='lat' dir='ltr'>two).</span> 
     </span>
    </p>

    <p class='ocr_par' dir='ltr' id='par_1_7' title="bbox 318 3096 1141 3137">
     <span class='ocr_line' id='line_1_48' title="bbox 318 3096 1141 3137; baseline 0.009 -13"><span class='ocrx_word' id='word_1_471' title='bbox 318 3098 346 3125; x_wconf 65' lang='lat'>3.</span> <span class='ocrx_word' id='word_1_472' title='bbox 384 3096 507 3135; x_wconf 56' lang='lat' dir='ltr'>lssulwl,</span> <span class='ocrx_word' id='word_1_473' title='bbox 531 3096 573 3129; x_wconf 83' lang='lat' dir='ltr'>B.</span> <span class='ocrx_word' id='word_1_474' title='bbox 599 3097 654 3136; x_wconf 54' lang='lat' dir='ltr'>F„</span> <span class='ocrx_word' id='word_1_475' title='bbox 681 3104 704 3129; x_wconf 76' lang='lat' dir='ltr'>t.</span> <span class='ocrx_word' id='word_1_476' title='bbox 731 3110 778 3137; x_wconf 72' lang='lat' dir='ltr'>w,</span> <span class='ocrx_word' id='word_1_477' title='bbox 804 3110 837 3130; x_wconf 93' lang='lat' dir='ltr'>n.</span> <span class='ocrx_word' id='word_1_478' title='bbox 862 3099 954 3131; x_wconf 68' lang='lat'>1247</span> <span class='ocrx_word' id='word_1_479' title='bbox 977 3105 1015 3131; x_wconf 78' lang='lat' dir='ltr'>et</span> <span class='ocrx_word' id='word_1_480' title='bbox 1038 3099 1141 3132; x_wconf 77' lang='grc'>1319.</span> 
     </span>
    </p>
   </div>
  </div>
 </body>
</html>
