2083 3458
316 214 397 256 882
966 228 1119 253 NOTAE
1152 227 1214 253 AD
1248 228 1376 253 vlTAs
1873 213 2028 271 [1369]

316 322 358 352 et
378 314 477 365 ipse,
498 313 658 352 vocatis
679 313 731 352 ad
752 328 793 352 se
813 312 1008 351 secretius
1030 311 1273 360 rectoribus,
1295 311 1343 350 de
1364 311 1545 351 remedio
1566 313 1722 363 absque
1743 327 1885 351 eorum
1913 328 2028 353 scan-

317 373 410 411 dalo
441 373 693 424 provideret,
725 371 900 423 contigit
932 372 1044 422 quod
1076 371 1248 422 quidam
1278 371 1490 422 religiosus
1522 371 1718 422 magister
1749 372 1790 411 in
1821 373 2028 423 theologia

315 433 440 484 paulo
458 440 554 484 post
573 432 789 483 predicans
810 432 859 470 de
879 432 1093 471 sacerdote
1113 446 1223 470 novo
1243 431 1479 470 introduxit
1510 431 1729 470 materiam
1757 432 2028 481 antedictam,

314 492 530 543 predicans
556 500 734 531 rectores
761 492 866 530 male
893 491 1145 541 interrogare
1172 499 1213 530 et
1246 490 1433 530 infirmos
1470 491 1576 529 male
1612 491 1872 542 respondere.
1900 492 2031 543 Super

316 552 432 602 cujus
461 551 743 603 predicatione
774 550 908 590 curati
937 551 1106 590 fuerunt
1135 551 1316 589 multum
1345 550 1511 599 irritati,
1541 559 1583 589 et
1611 551 1828 602 presertim
1859 551 2030 602 quidam

314 620 449 650 rector
481 620 702 650 extraneus
736 611 789 649 ab
822 611 890 649 illa
925 610 1111 659 civitate,
1145 610 1197 649 ad
1231 624 1355 660 quem
1387 625 1471 648 non
1502 610 1685 662 pertinet
1717 625 1814 650 cura
1853 610 2027 662 alicujus

314 670 494 710 Ecclesie
523 670 630 710 illius
658 670 857 710 civitatis.
888 670 942 709 Et
969 670 1035 709 hic
1064 669 1216 709 dicitur
1244 670 1391 709 Petrus
1421 671 1492 709 Ces
1522 669 1668 709 Planes
1696 679 1830 709 rector
1851 670 1900 709 de
1929 670 2029 709 Cilla

313 730 506 781 parochie
530 730 701 769 diocesis
726 730 1045 769 Valentinensis.
1074 731 1155 769 Iste
1179 729 1305 781 gratis
1328 744 1370 768 se
1393 729 1580 780 ingerens
1611 738 1755 769 contra
1787 744 2028 781 expressum

314 789 530 829 consilium
559 790 740 841 episcopi
770 789 952 829 officialis
982 798 1024 829 et
1050 789 1329 840 quorumdam
1356 789 1596 829 clericorum
1618 789 1914 838 litteratorum,
1938 804 2027 841 pre-

314 849 471 889 dicavit
496 849 538 887 in
564 850 747 900 quadam
772 850 969 901 parochia
996 849 1195 898 civitatis,
1221 858 1263 888 et
1289 849 1395 888 circa
1421 848 1605 888 medium
1631 849 1829 888 sermonis
1855 849 2027 888 interro-

314 909 442 959 gavit,
473 909 587 948 omni
613 910 768 961 populo
798 909 1008 957 audiente,
1038 923 1092 947 an
1120 918 1228 948 esset
1257 908 1314 947 ibi
1343 908 1550 956 notarius3
1579 917 1622 947 et
1652 909 1836 959 quodam
1863 908 2028 948 notario

312 977 551 1020 assurgente
583 978 625 1008 et
655 984 695 1008 se
726 969 916 1020 protinus
947 977 1229 1021 presentante,
1262 968 1397 1007 dictus
1428 977 1563 1007 rector
1592 968 1769 1019 protulit
1800 969 2026 1019 quamdam

313 1029 502 1067 cedulam
524 1043 651 1067 manu
674 1029 763 1080 ejus
786 1028 957 1080 propria
977 1028 1191 1079 scriptam,
1215 1028 1353 1067 dicens
1371 1027 1541 1074 ,notario
1564 1028 1778 1067 antedicto
1800 1029 1875 1068 hec
1897 1029 2024 1068 verba

312 1089 378 1127 vel
398 1088 547 1127 similia
568 1088 610 1127 in
630 1089 782 1128 effectu
805 1104 812 1127 :
837 1089 895 1127 Ut
915 1088 1043 1127 verba
1065 1102 1156 1127 mea
1178 1102 1261 1126 non
1280 1087 1441 1139 possint
1462 1087 1617 1126 mutari
1638 1102 1711 1127 nec
1743 1087 1820 1127 illis
1842 1087 1940 1127 addi
1960 1088 2026 1127 vel

312 1147 500 1196 diminui,
527 1148 705 1187 teneatis
732 1148 857 1187 istam
885 1148 1089 1196 cedulam,
1117 1156 1159 1186 et
1186 1147 1414 1198 respiciatis
1442 1147 1484 1186 in
1510 1161 1557 1186 ea
1586 1148 1686 1185 dum
1713 1162 1786 1198 ego
1814 1147 1950 1187 dicam
1983 1156 2027 1186 et

311 1208 534 1258 predicabo
551 1216 748 1247 contenta
765 1208 808 1246 in
822 1222 884 1246 ea.
904 1208 959 1246 Et
976 1208 1074 1247 fecit
1090 1207 1159 1246 sic.
1180 1208 1268 1256 Quo
1286 1207 1412 1255 facto,
1430 1215 1565 1246 rector
1580 1207 1798 1258 requisivit
1814 1207 2023 1246 notarium

311 1267 571 1306 antedictum
587 1276 792 1318 quatenus
810 1267 858 1306 de
874 1267 950 1306 hiis
968 1282 1045 1317 que
1063 1267 1173 1306 facta
1190 1267 1357 1305 fuerant
1371 1266 1449 1306 sibi
1464 1267 1618 1306 faceret
1638 1267 1852 1318 publicum
1872 1266 2025 1306 instru-

311 1336 512 1366 mentum.
547 1328 681 1366 Tenor
713 1336 855 1366 autem
889 1327 996 1366 dicte
1031 1327 1186 1374 cedule‚
1219 1326 1315 1366 licet
1347 1326 1389 1364 in
1421 1326 1596 1377 vulgari,
1628 1326 1724 1365 talis
1757 1335 1819 1365 est
1845 1327 1922 1365 :Et
1951 1327 2024 1375 sic,

311 1387 538 1434 christiane,
561 1396 771 1438 postquam
795 1387 838 1424 in
864 1387 988 1425 Jhesa
1008 1387 1165 1425 Christo
1182 1395 1275 1424 sant
1295 1395 1369 1424 tres
1390 1394 1543 1434 natare,
1561 1386 1710 1424 scilicet
1727 1386 1919 1434 hamana,
1939 1385 2023 1437 spi-

310 1446 485 1494 ritualis,
508 1456 543 1484 et
566 1447 718 1495 divina,
742 1446 778 1485 si
802 1447 875 1485 tibi
899 1448 1028 1484 tradat
1050 1446 1199 1496 aliquis
1222 1446 1423 1496 presbyter
1445 1460 1589 1496 corpas
1615 1446 1739 1484 Jhesa
1763 1446 1913 1484 Christi
1935 1461 2020 1496 pre-

311 1505 470 1553 tiosam,
493 1514 527 1544 et
550 1506 764 1556 interrogat
786 1515 818 1544 te
841 1506 971 1557 primo
993 1506 1037 1544 de
1059 1506 1307 1544 humanitate
1330 1506 1464 1544 dicens
1488 1521 1495 1544 ε
1532 1505 1672 1544 Credis
1706 1513 1761 1553 tu,
1793 1505 2021 1554 christiane,

310 1567 412 1616 qaod
435 1580 524 1604 cum
547 1566 748 1617 presbyter
773 1566 874 1604 dz'attt
899 1566 969 1604 illa
993 1566 1109 1603 verba
1133 1566 1190 1603 vel
1213 1565 1369 1603 similia
1393 1579 1464 1616 que
1488 1565 1793 1604 dixitChristus
1826 1565 1888 1603 die
1918 1565 2020 1615 jovis

309 1639 411 1672 cene,
441 1626 542 1675 quod
567 1626 703 1676 panis,
732 1625 799 1676 qai
827 1634 881 1663 est
909 1626 1141 1672 materialis,
1170 1633 1416 1663 convertatur
1443 1624 1486 1662 in
1513 1639 1644 1663 veram
1671 1624 1821 1663 Christi
1849 1639 2019 1672 carnem,

310 1685 405 1735 qaid
430 1685 544 1733 dicis,
572 1685 816 1723 christiane?
841 1685 951 1723 dicas
977 1693 1036 1722 ta:
1066 1685 1141 1723 Ita.
1171 1685 1216 1722 Si
1245 1685 1459 1734 interrogat
1484 1693 1517 1722 te
1543 1685 1587 1722 de
1622 1693 1767 1722 natura
1797 1684 2021 1734 spirituali,

308 1744 456 1782 scilicet
473 1745 508 1782 si
528 1745 652 1782 credis
673 1745 775 1795 quod
793 1744 851 1782 ibi
869 1744 921 1782 sit
938 1753 1076 1782 sancta
1094 1744 1234 1782 anima
1253 1744 1418 1791 Christi,
1438 1744 1548 1782 dicas
1569 1760 1576 1782 :
1600 1744 1676 1792 Ita,
1703 1744 1770 1790 ita.
1791 1744 1838 1783 Si
1858 1744 2018 1782 interro-

310 1812 375 1853 gat
400 1812 432 1841 te
458 1805 502 1842 de
528 1812 674 1842 natura
698 1813 732 1842 et
757 1804 927 1842 essentia
953 1804 1093 1842 divina
1119 1804 1252 1842 dicens
1279 1820 1287 1842 :
1323 1803 1462 1842 Credis
1500 1811 1541 1841 ta
1572 1803 1673 1854 qaod
1704 1804 1774 1841 iste
1810 1804 1862 1841 sit
1881 1805 2014 1851 Pater,

309 1863 445 1900 Filias
485 1872 518 1901 et
540 1864 721 1914 Spiritus
743 1864 928 1910 Sanctus,
961 1863 1070 1901 dicas
1100 1872 1155 1910 ta,
1187 1863 1400 1900 christiane
1427 1877 1439 1900 .·
1462 1863 1537 1911 Ita,
1565 1863 1634 1911 ita,
1662 1863 1735 1910 ita3
1763 1863 1857 1913 qaia
1882 1877 2016 1901 omnes

309 1930 382 1960 tres
403 1937 566 1972 persone
587 1932 680 1961 sant
702 1923 784 1961 illic
804 1923 1076 1961 essentialiter.
1102 1924 1190 1972 Qua
1213 1922 1355 1962 cedula
1388 1922 1429 1960 in
1450 1937 1636 1961 sermone
1666 1922 1855 1961 totaliter
1884 1922 2010 1973 expli—

308 1991 415 2029 cata,
438 1991 486 2020 ut
508 1991 641 2021 rector
663 1982 748 2033 ipse
774 1982 894 2031 dixit,
918 1983 1028 2021 dicas
1051 1990 1100 2021 tu
1123 1982 1345 2021 christiane
1371 1998 1378 2020 :
1406 1982 1485 2029 Ita,
1508 1981 1580 2030 ita,
1604 1982 1677 2030 ita,
1697 1990 1901 2021 mercator
1924 1982 2010 2033 qui-

307 2041 403 2079 dam
427 2042 468 2080 in
490 2042 674 2080 medium
697 2056 864 2093 surgens
889 2042 1071 2081 clamans
1089 2042 1195 2079 dixit
1216 2058 1223 2080 :
1243 2042 1363 2081 Dicas
1382 2049 1429 2080 tu
1447 2041 1668 2080 christiane
1687 2058 1695 2080 :
1715 2042 1820 2089 Non,
1841 2056 1936 2081 non.
1958 2042 2014 2079 Et

307 2115 401 2140 cum
423 2101 557 2140 dictus
579 2110 713 2140 rector
735 2101 1001 2140 descenderet
1023 2101 1071 2140 de
1093 2101 1285 2149 ambone,
1307 2101 1392 2152 ipse
1414 2110 1682 2140 mercator-et
1703 2101 1771 2139 alii
1792 2101 2017 2149 affuerunt,

307 2161 377 2211 qui
402 2161 537 2211 ipsum
562 2176 684 2212 super
708 2161 949 2211 hujusmodi
972 2161 1326 2211 reprehenderunt
1351 2160 1534 2200 dicentes
1556 2160 1667 2211 quod
1693 2160 1758 2199 ille
1783 2169 1872 2199 erat
1890 2160 2015 2199 Filius

305 2229 347 2259 et
371 2235 453 2258 non
477 2222 600 2259 Pater
624 2235 697 2260 nec
723 2220 898 2272 Spiritus
925 2221 1115 2269 Sanctus,
1139 2229 1296 2259 rectore
1319 2220 1362 2258 in
1385 2235 1459 2258 suo
1480 2220 1695 2272 proposito
1709 2228 2015 2271 perseverante.

307 2280 435 2330 Super
455 2280 603 2330 quibus
623 2279 848 2319 commotio
867 2280 978 2319 facta
998 2289 1060 2319 est
1078 2280 1119 2317 in
1136 2280 1291 2331 populo
1310 2288 1352 2318 et
1370 2279 1412 2317 in
1430 2280 1551 2328 clero,
1571 2280 1699 2318 clerus
1719 2287 1863 2318 contra
1882 2294 2016 2331 popu-

305 2339 404 2386 lum,
434 2348 475 2377 et
502 2340 678 2390 populus
708 2348 852 2378 contra
881 2340 1047 2378 clerum.
1079 2340 1134 2377 Et
1161 2354 1255 2378 cum
1283 2339 1336 2377 ad
1364 2339 1560 2377 notitiam
1587 2338 1841 2389 inquisitoris
1869 2353 2010 2389 perve-

305 2398 461 2437 nissent
482 2399 592 2436 fama
608 2394 778 2450 publica
799 2400 999 2438 referente
1021 2407 1061 2437 et
1081 2400 1215 2437 relatu
1235 2399 1415 2450 plurium
1438 2398 1517 2437 fide
1539 2398 1771 2449 dignorum,
1791 2391 2014 2448 inquisitor

306 2458 517 2496 descendit
546 2458 598 2496 ad
627 2473 667 2496 se
689 2458 941 2508 judicialiter
960 2458 1291 2505 informandum,
1314 2467 1356 2496 et
1380 2473 1473 2496 cum
1498 2457 1695 2508 repererit
1719 2457 1779 2496 ita
1805 2472 1905 2505 esse,
1927 2457 2014 2508 ipse

303 2516 523 2566 inquisitor
548 2526 588 2556 et
612 2518 794 2568 episcopi
819 2518 1001 2556 officialis
1027 2518 1194 2556 dictum>
1210 2526 1413 2556 rectorem
1436 2518 1478 2555 in
1501 2517 1659 2568 palatio
1683 2516 1865 2567 episcopi
1885 2531 2012 2555 arres-

303 2584 461 2615 tarunt.
497 2577 650 2615 Verum
683 2592 777 2616 cum
809 2577 1175 2616 reverendissimus
1210 2577 1400 2615 dominus
1436 2576 1653 2615 cardinalis
1688 2575 1876 2614 Valentie
1912 2584 2014 2615 tunc

304 2650 386 2672 non
417 2644 523 2674 esset
553 2651 718 2686 presens
750 2636 791 2674 in
823 2636 1009 2685 civitate,
1041 2637 1090 2675 de
1121 2636 1197 2674 tali
1226 2645 1268 2675 et
1298 2645 1420 2674 tanto
1451 2635 1644 2674 scismate
1675 2635 1923 2674 informatus
1959 2635 2013 2673 ad

307 2694 521 2733 civitatem
541 2695 713 2734 accessit
734 2710 806 2746 pro
827 2695 938 2734 dicto
959 2696 1150 2735 scismate
1171 2695 1466 2746 extinguendo.
1490 2695 1545 2733 Et
1563 2695 1659 2734 licet
1679 2695 1782 2733 bene
1802 2694 2016 2733 videretur

303 2754 489 2802 predicto
519 2754 685 2791 domino
713 2755 912 2792 cardinali
940 2764 981 2793 et
1010 2754 1245 2805 inquisitori
1273 2755 1385 2805 quod
1413 2754 1525 2793 dicta
1554 2754 1697 2793 cedula
1726 2761 1832 2792 esset
1863 2753 2011 2792 hereti-

304 2812 399 2849 calis
433 2828 554 2863 super
586 2814 746 2852 duobus
780 2814 963 2852 articulis
997 2814 1038 2852 in
1069 2828 1115 2853 ea
1149 2814 1372 2861 contentis,
1405 2822 1548 2852 tamen
1578 2813 1765 2851 volentes
1789 2812 2010 2863 procedere

303 2871 422 2920 juxta
443 2872 690 2909 mandatum
710 2873 985 2923 apostolicum
1004 2873 1059 2911 eis
1080 2874 1239 2912 sactum
1258 2873 1300 2910 in
1319 2887 1409 2923 cap.
1431 2873 1602 2920 Statuta,
1617 2872 1677 2910 De
1695 2872 1825 2919 heret„
1844 2871 1914 2910 lib.
1936 2871 2010 2920 VI,

304 2939 412 2967 certa
434 2930 605 2968 consilia
630 2940 718 2968 tam
743 2932 1036 2982 magistrorum
1060 2932 1102 2970 in
1129 2932 1333 2982 theologia
1359 2940 1400 2970 et
1423 2932 1626 2970 lectorum
1649 2931 1691 2968 in
1714 2931 1859 2969 eadem
1884 2944 2009 2981 quam

303 2989 343 3026 in
361 2990 449 3038 jure
471 2998 647 3039 utroque
669 2991 886 3029 doctorum
903 3000 943 3029 et
958 2991 1202 3043 peritorum,
1220 2991 1421 3041 quinymo
1438 2990 1565 3029 etiam
1580 2990 1814 3040 aliquorum
1832 2989 2009 3028 medico-

303 3061 392 3085 rum
424 3048 658 3097 aliqualiter
689 3050 976 3100 theologorum
998 3065 1171 3089 numero
1194 3065 1298 3088 xx1v
1323 3050 1365 3088 in
1386 3063 1547 3089 camera
1569 3049 1804 3101 paramenti
1824 3048 2009 3099 ejusdem

304 3106 459 3143 domini
483 3107 697 3146 cardinalis
722 3109 883 3159 publice
907 3118 1233 3160 congregarunt3
1259 3109 1370 3159 quod
1394 3109 1562 3159 quidem
1580 3108 1770 3147 dominus
1791 3106 2010 3147 cardinalis
