2083 3458
113 187 237 242 [771]
640 202 857 228 PAPARUM
891 202 1277 228 AVENIONENSIUM
1719 186 1800 228 273

97 286 166 325 fol.
198 285 273 323 149
299 287 349 333 r0,
379 299 511 323 comes
542 285 897 335 petragoricensis,
922 285 1185 335 Talayrandi,
1207 293 1254 323 ut
1276 285 1464 333 arbitror,
1487 299 1628 335 nepos,
1651 285 1800 324 dicitur

99 352 212 382 ortus
241 344 285 382 de
315 343 544 393 genealogia
571 343 788 393 antiquiori
818 344 935 382 totius
975 344 1086 393 regni
1116 344 1296 382 Francie.
1330 343 1448 382 Unde
1476 343 1516 381 in
1548 343 1765 382 Collatione
1789 345 1795 365 ¹

99 417 223 452 quam
247 417 354 440 anno
379 402 649 449 MCCCLVII,
674 403 785 452 apud
810 403 846 440 S.
874 403 1170 451 Audomarum,
1195 402 1342 441 habuit
1366 401 1535 452 quidam
1560 403 1799 453 consangui-

92 476 195 504 neus
219 461 405 500 Andreae
429 461 477 499 de
502 460 708 499 Florentia
733 462 947 500 cardinalis
970 462 1029 499 ita
1053 461 1252 512 scriptum
1275 469 1337 500 est
1361 476 1368 499 :
1393 461 1591 499 Attendite
1614 462 1715 511 quod
1737 476 1801 499 vos

95 520 187 558 estis
211 521 421 558 multorum
444 534 581 569 regum
603 520 923 569 consanguineus
947 528 980 558 et
1002 520 1147 570 affinis.
1170 521 1224 558 Et
1248 520 1423 558 Karolus
1448 520 1496 567 V,
1530 534 1601 558 rex
1626 520 1802 559 Franco-

95 593 198 627 rum,
226 579 269 617 in
294 578 420 617 literis
449 578 597 628 quibus
625 578 844 616 confirmat
872 579 1186 629 acquisitionem
1213 579 1488 629 quarumdam
1515 579 1731 617 domorum
1759 588 1797 617 et

94 638 332 676 reddituum
365 652 438 688 pro
477 636 721 676 fundatione
755 637 911 687 collegii
958 637 1299 687 petragoricensis
1335 638 1504 676 Tolosae
1543 652 1635 676 eum
1676 647 1797 676 vocat.

95 696 442 747 consanguineum
472 710 592 734 suum
622 711 630 734 ε
662 695 908 733 Carissimiis
937 705 970 734 et
999 696 1127 746 fidelis
1168 697 1487 746 consanguineus
1529 705 1655 734 noster
1687 697 1798 735 Tale-

92 756 282 805 yrandus,
314 755 531 793 cardinalis
560 755 908 804 Petragoricensis.

147 814 303 852 Natum
327 815 443 853 illum
470 828 554 852 esse
581 828 688 852 anno
716 814 875 852 MCCCI
902 822 975 851 aut
1001 814 1159 852 circiter
1185 814 1278 853 hinc
1306 814 1508 864 colligitur
1535 815 1644 864 quod
1673 815 1794 853 ,Joan-

92 887 161 911 nes
197 873 339 921 XXII,
372 872 414 910 in
445 873 556 910 bulla
585 873 634 911 de
663 873 903 922 episcopatu
932 873 1210 911 Lemovicensi
1238 874 1272 912 ei
1303 874 1466 921 collato,
1500 881 1679 912 testatur
1704 888 1796 912 eum

92 931 215 970 fuisse
248 940 339 970 tum
372 932 647 971 constitutum
679 931 720 968 in
753 931 949 981 vigesimo
984 939 1131 981 quarto
1165 932 1314 970 aetatis
1348 946 1455 970 anno
1489 940 1562 969 aut
1595 932 1783 970 circiter-³

91 990 208 1030 Bulla
231 998 372 1030 autem
392 991 461 1029 illa
485 991 583 1028 data
606 998 668 1029 est
690 1004 797 1028 anno
822 990 1120 1037 MCCCXXIV,
1144 1005 1184 1028 VI
1206 990 1296 1030 idus
1324 989 1404 1042 [10]
1432 991 1621 1030 octobris-

145 1051 339 1089 Parentes
364 1050 512 1088 habuit
539 1049 700 1088 Heliam
725 1049 988 1098 Talayrandi,
1015 1049 1171 1087 dictum
1191 1063 1367 1099 quoque,
1387 1057 1434 1087 ut
1455 1057 1572 1100 puto,
1599 1050 1793 1088 Archam-

90 1108 274 1156 baldum,
288 1109 481 1147 comitem
493 1108 881 1158 Petragoricensem,
894 1116 936 1146 et
949 1108 1270 1146 Brunissendam
1283 1109 1331 1147 de
1346 1109 1475 1157 Fuxo,
1494 1108 1620 1146 filiam
1634 1109 1795 1159 Rogerii

88 1167 286 1206 Bernardi
305 1167 464 1206 comitis
482 1168 693 1214 Fuxensis‚
710 1166 919 1215 feminam,
934 1175 982 1205 ut
998 1167 1067 1206 lib.
1092 1167 1165 1214 IX,
1185 1181 1272 1217 cap.
1291 1181 1399 1215 Lv111,
1419 1175 1598 1206 testatur
1617 1168 1795 1207 Joannes

90 1226 288 1265 Villanius
328 1226 556 1278 [Muratori,
585 1234 615 1268 t.
646 1241 731 1274 xm,
761 1227 834 1265 col.
864 1226 980 1276 471]‚
1003 1226 1134 1264 forma
1158 1226 1487 1276 pulcherrimam.
1516 1227 1681 1265 Patrem
1710 1227 1796 1276 ejus

90 1285 174 1324 dixi
198 1285 321 1325 fuisse
346 1285 610 1324 binominem.
638 1285 745 1322 Nam
770 1299 863 1323 cum
887 1300 959 1336 pro
985 1292 1095 1323 certo
1120 1285 1311 1323 tradatur
1335 1299 1428 1323 eum
1452 1293 1649 1323 vocatum
1674 1285 1795 1324 fuisse

90 1344 252 1383 Heliam
275 1345 538 1394 Talayrandi,
563 1358 643 1394 quo
667 1344 789 1383 modo
812 1344 897 1394 ipse
921 1359 961 1382 se
984 1344 1152 1382 vocavit
1177 1344 1218 1381 in
1241 1344 1367 1382 literis
1396 1344 1444 1382 de
1469 1344 1792 1383 commutatione

87 1403 401 1442 vicecomitatus
425 1403 669 1442 Leomaniae
693 1411 734 1441 et
756 1402 996 1442 Altivillaris
1017 1403 1124 1441 datis
1148 1417 1255 1441 anno
1278 1403 1451 1450 MCCCI,
1474 1417 1610 1442 mense
1629 1417 1793 1442 novem-

86 1462 162 1510 bri,
188 1477 292 1513 quae
316 1471 463 1502 extant
485 1462 528 1500 in
551 1462 721 1500 Arclzivo
745 1462 850 1511 regio
874 1461 1114 1510 Parisiensi,
1140 1470 1181 1500 et
1204 1461 1245 1499 in
1269 1461 1357 1500 aliis
1380 1461 1507 1500 literis
1532 1462 1795 1509 authenticis,

87 1535 188 1571 quas
221 1521 307 1559 vidi
339 1521 379 1559 in
415 1535 574 1560 camera
609 1529 899 1571 computorum
933 1520 1163 1568 Parisiensi,
1199 1520 1305 1559 datis
1340 1534 1448 1558 anno
1486 1520 1696 1568 MCCCIV,
1733 1521 1795 1559 dic

86 1580 206 1619 lunae
235 1589 331 1620 ante
360 1581 512 1620 festum
540 1580 652 1619 beati
682 1580 852 1618 Joannis
880 1580 1110 1630 Baptistae,
1139 1580 1181 1618 in
1210 1579 1358 1629 quibus
1388 1579 1544 1618 fatetur
1571 1594 1612 1618 se
1642 1587 1795 1618 certam

87 1653 291 1677 summam
322 1640 518 1690 pecuniae
548 1639 739 1678 habuisse
770 1653 792 1677 a
820 1639 1023 1690 Philippo,
1050 1653 1142 1689 rege
1169 1639 1434 1685 Francorum,
1463 1653 1536 1687 pro
1568 1646 1794 1677 commuta—

86 1698 198 1736 tione
224 1699 537 1737 vicecomitatus
566 1698 825 1746 Leomaniae,
854 1706 895 1736 et
921 1706 1062 1736 tamen
1087 1697 1129 1735 in
1155 1698 1287 1748 pactis
1315 1697 1599 1736 matrimonii-3
1625 1697 1794 1748 Agnetis

87 1757 270 1796 ducissae
291 1757 508 1805 Gravinae,
530 1771 634 1807 quae
656 1757 738 1795 filia
758 1758 844 1807 ejus
865 1765 966 1805 erat,
987 1771 1032 1795 ea
1053 1756 1214 1795 dicatur
1236 1756 1318 1794 filia
1338 1756 1646 1803 Archambaldi,
1673 1757 1793 1795 comi-

86 1816 137 1855 tis
172 1816 528 1867 Petragoricensis‚
561 1831 723 1855 necesse
756 1824 818 1854 est
851 1816 1085 1854 existimare
1119 1830 1212 1854 eum
1245 1815 1597 1853 Archambaldum
1631 1829 1793 1865 quoque

86 1875 208 1914 fuisse
248 1883 458 1914 vocatum.

139 1934 216 1973 Sed
250 1943 298 1973 ut
332 1935 384 1972 ad
420 1934 669 1973 cardinalem
703 1942 891 1972 nostrum
925 1934 1154 1982 redeamus,
1189 1933 1221 1972 is
1256 1933 1486 1973 vocabatur
1520 1933 1631 1971 haud
1668 1933 1790 1971 dubie

87 1993 225 2031 Helias
248 1993 498 2043 Talayrandi
521 2008 571 2032 ex
592 1993 756 2032 nomine
779 1993 922 2043 patris,
946 2000 1090 2043 postea
1113 2007 1209 2031 vero
1232 2006 1382 2031 nomen
1404 1992 1516 2043 prius
1540 1992 1723 2041 abjecit4
1745 2000 1791 2029 ut

84 2052 334 2102 Talayrandi
353 2052 675 2103 appellationem
694 2051 901 2091 retineret.
923 2052 1191 2102 Compertum
1211 2051 1318 2090 enim
1339 2050 1440 2089 mihi
1460 2059 1522 2089 est
1541 2052 1655 2089 illum
1675 2050 1793 2088 initio

83 2118 280 2149 vocatum
302 2111 425 2150 fuisse
450 2111 624 2150 Heliam.
648 2110 814 2149 Etenim
834 2111 920 2162 ipse
942 2118 1122 2149 testatur
1142 2110 1181 2148 in
1206 2124 1278 2149 suo
1300 2117 1553 2149 testamento
1571 2109 1586 2131 5
1607 2124 1647 2148 se
1669 2110 1792 2148 fuisse

84 2169 260 2208 electum
286 2170 632 2209 Lemovicensem.
664 2170 709 2209 In
734 2170 846 2208 bulla
872 2184 968 2208 vero
996 2169 1167 2208 Joannis
1195 2169 1340 2218 XXII,
1368 2183 1448 2219 qua
1475 2182 1569 2207 eum
1593 2167 1791 2219 praefecit

86 2229 289 2267 Ecclesiae
312 2228 594 2268 Lemovicensi
617 2229 665 2267 de
689 2243 769 2278 qua
792 2229 915 2279 paulo
939 2237 1037 2267 ante
1059 2228 1158 2273 dixi,
1183 2225 1614 2282 vocaturksimpliciter
1640 2226 1789 2265 Helias.

133 2373 166 2405 1.
197 2371 236 2405 F.
257 2372 466 2412 Duchesne,
485 2372 648 2405 Histoire
665 2372 706 2405 de
722 2377 800 2405 tous
818 2372 866 2404 les
883 2372 1087 2405 cardinaux
1101 2371 1273 2414 Ῑναηροίε,
1294 2376 1320 2404 t.
1338 2382 1376 2410 11,
1396 2382 1430 2414 p.
1450 2370 1531 2403 314.

135 2425 165 2458 2.
196 2425 278 2458 Une
304 2425 403 2458 bulle
429 2425 682 2468 subsequente
709 2426 759 2457 du
785 2425 806 2457 4
831 2424 979 2468 janvier
1003 2425 1097 2458 1328
1123 2430 1271 2457 montre
1297 2423 1388 2467 qu'il
1414 2421 1561 2455 n'avait
1586 2433 1631 2454 en
1662 2422 1791 2455 realite

85 2489 156 2521 que
179 2477 288 2521 vingt
310 2483 349 2511 et
369 2489 422 2511 un
443 2489 521 2519 ans,
546 2478 675 2522 quand
696 2478 721 2511 il
743 2478 803 2511 fut
824 2478 926 2511 eleve
949 2478 971 2510 a
991 2478 1027 2511 la
1050 2477 1192 2521 dignite
1214 2476 1424 2520 episcopale
1446 2487 1492 2508 en
1514 2475 1608 2508 1324
1634 2474 1789 2517 (Mollat‚

84 2542 119 2564 n.
140 2530 286 2574 30945).
1779 2548 1784 2553 ›

132 2583 166 2617 3.
195 2584 344 2623 Baluze,
377 2589 404 2618 t.
435 2596 486 2624 111,
509 2596 545 2628 p.
578 2584 659 2618 345.
680 2602 730 2607 -—
759 2584 809 2617 Le
833 2583 1000 2617 cardinal
1032 2584 1075 2616 de
1109 2582 1286 2626 Perigord
1317 2581 1412 2615 etait
1435 2580 1490 2613 fils
1524 2579 1670 2613 d'Helie
1702 2579 1788 2620 VII,

84 2642 208 2670 comte
237 2637 281 2669 de
311 2637 498 2681 Perigord,
528 2643 566 2670 et
594 2637 638 2670 de
666 2636 929 2676 Brunissende‚
962 2636 1034 2670 fille
1063 2636 1107 2669 de
1146 2635 1269 2679 Roger
1295 2634 1463 2667 Bernard
1492 2633 1563 2673 ΙΙΙ,
1594 2638 1716 2665 comte
1746 2633 1789 2665 de

87 2689 180 2722 Foix
203 2689 379 2733 (Histoire
399 2690 439 2723 de
458 2690 686 2733 Languedoc,
709 2696 736 2723 t.
757 2702 811 2730 xx,
833 2702 869 2734 p.
893 2688 989 2733 204).
1013 2688 1088 2722 Son
1109 2691 1195 2732 pere
1216 2693 1335 2732 porte,
1359 2687 1451 2719 dans
1472 2686 1522 2719 les
1543 2685 1716 2729 registres
1739 2686 1788 2718 du

86 2742 258 2783 Vatican,
281 2743 332 2776 les
355 2754 462 2776 noms
485 2742 632 2777 d’Helie
655 2743 892 2787 Talleyrand.
918 2742 967 2775 Le
985 2742 1091 2775 futur
1113 2740 1280 2774 cardinal
1301 2738 1448 2772 n’avait
1462 2750 1529 2783 pas
1552 2749 1683 2771 encore
1705 2745 1789 2782 sept

87 2806 152 2828 ans
175 2796 304 2839 quand
324 2795 350 2829 il
373 2795 499 2829 obtint
519 2796 555 2829 la
577 2795 749 2840 dispense
771 2795 976 2829 necessaire
998 2806 1094 2838 pour
1114 2792 1280 2827 recevoir
1300 2793 1336 2825 la
1358 2797 1510 2825 tonsure
1533 2797 1571 2824 et
1593 2791 1656 2825 des
1678 2791 1790 2825 bene-

89 2847 174 2881 fices
200 2848 373 2892 (clement
395 2849 438 2890 V,
461 2860 497 2883 n.
520 2849 632 2889 ’1928;
654 2849 773 2882 bulles
796 2849 846 2881 du
868 2849 912 2881 25
935 2848 1087 2881 octobre
1109 2845 1230 2889 1307).
1255 2845 1408 2878 Ceux-ci
1429 2844 1557 2877 furent
1577 2844 1788 2877 nombreux

90 2900 185 2945 (voir
201 2901 360 2935 Cle'ment
378 2901 420 2942 V,
438 2913 474 2935 11.
493 2902 597 2942 2612,
615 2902 721 2942 3708,
741 2902 846 2941 6387,
864 2901 969 2940 6482,
989 2900 1093 2939 6489,
1112 2898 1248 2939 10249;
1266 2898 1409 2938 Mollat,
1427 2909 1463 2931 n.
1482 2896 1627 2940 20813).

134 2954 166 2988 4.
186 2954 236 2987 Le
252 2954 274 2987 4
289 2953 437 2998 janvier
452 2955 558 2995 1328,
578 2966 626 2988 on
641 2955 673 2988 le
690 2960 825 2988 trouve
843 2953 992 2996 designe
1009 2964 1095 2986 sous
1111 2952 1144 2985 le
1160 2962 1250 2985 nom
1266 2951 1310 2984 de
1328 2950 1565 2994 Talleyrand,
1584 2950 1678 2983 alias
1696 2949 1787 2983 dicto

85 3005 200 3050 Helye
223 3006 378 3049 (Mollat,
399 3018 435 3040 n.
456 3007 602 3051 30945).

135 3060 168 3093 5.
191 3060 400 3100 Duchesne,
421 3071 478 3104 op.
499 3060 570 3100 cit„
591 3065 618 3093 t.
637 3071 675 3100 11,
695 3071 731 3103 p.
752 3060 833 3093 315.
