2083 3458
105 181 228 236 [739]
642 196 859 222 PAPARUM
894 195 1279 222 AVENIONENSIUM
1708 179 1789 221 237

89 288 156 317 tur
179 294 231 317 vn
253 279 333 317 kal.
354 278 458 328 julii.
479 278 584 317 Vera
606 278 725 317 lectio
748 293 794 318 ea
816 293 900 318 esse
921 278 1086 317 videtur
1108 292 1232 329 quam
1253 278 1432 329 praefert
1453 279 1661 328 Regestiim
1682 278 1788 328 ejus-

88 339 181 377 dem
206 338 377 376 ,Ioannis
399 337 441 376 in
465 336 713 376 bibliotheca
738 337 971 377 Cclbertina
991 337 1018 385 1,
1041 336 1103 375 uti
1127 351 1174 376 ea
1198 337 1440 376 constitutio
1465 337 1562 376 data
1587 338 1787 388 reperitur

93 397 127 434 V
149 397 238 435 idus
259 396 367 446 julii.
394 395 470 434 Sed
495 396 583 434 heic
606 404 746 434 tamen
769 396 943 446 insurgit
967 397 1100 446 gravis
1125 395 1356 435 difficultas.
1383 396 1526 435 Habeo
1558 396 1666 435 enim
1688 410 1785 446 prae

87 455 276 494 manibus
305 455 460 493 bullam
489 454 773 493 authenticam
801 454 985 504 ejusdem
1013 469 1144 505 papae
1175 455 1373 493 directam
1407 454 1640 494 consulibus
1669 455 1785 494 Tolo-

86 514 193 552 sanis
215 522 309 564 post
330 513 573 552 divisionem
593 513 853 564 episcopatus
875 514 1065 552 Tolosani
1087 514 1230 552 datam
1251 513 1368 551 nonis
1387 513 1494 563 julii.
1519 514 1623 552 Sane
1644 528 1787 553 execu-

86 573 190 611 toria
210 580 352 611 contra
372 586 438 611 eos
455 572 524 622 qui
541 572 832 622 impugnarent
847 572 1089 611 divisionem
1112 572 1372 623 episcopatus
1390 573 1674 611 Tolosanensis
1689 573 1784 611 data

84 632 232 682 legitur
260 631 321 669 JV
343 645 434 670 non.
458 630 620 680 augusti
643 630 685 668 in
702 631 863 680 Regesto
881 631 1152 670 bibliothecae
1177 631 1433 670 Colbertinae
1452 632 1466 653 ²
1487 639 1528 670 et
1550 631 1592 669 in
1609 631 1787 681 vulgatis

85 690 334 729 editionibus
351 689 378 729 3.
409 690 473 728 Ex
499 703 579 740 quo
608 689 725 728 facile
751 689 1038 740 intelliguntur
1065 704 1169 740 quae
1196 691 1319 740 paulo
1347 698 1443 729 ante
1471 691 1530 728 ait
1554 690 1787 729 Bernardus

86 749 297 797 Guidonis,
332 748 555 787 Ecclesiam
584 748 831 787 Tolosanam
859 749 902 787 in
923 748 1310 799 archiepiscopalem
1336 749 1474 788 sedem
1500 757 1678 788 erectam
1708 757 1787 787 tam

86 807 129 846 in
150 822 278 846 mense
296 807 393 857 julii
413 822 530 857 quam
549 806 723 856 augusti.

139 867 181 905 P.
204 866 292 914 155,
319 867 385 917 lig.
415 866 475 906 21,
503 866 669 904 VILLAM
699 880 754 903 DE
783 866 1028 905 MIRAPISCE.
1057 867 1218 905 Extant
1244 866 1287 905 in
1310 867 1472 916 Regesto
1502 881 1570 904 LXI
1601 866 1688 917 [JJ.
1711 865 1784 917 61]

84 925 239 964 archivi
266 925 363 975 regii
391 925 532 972 Paris,
561 939 648 975 cap.
679 939 793 972 LX1x,
821 925 962 964 literae
993 925 1134 964 Karoli
1164 925 1218 963 IV
1244 925 1346 975 regis
1375 925 1666 964 confirmantes
1694 933 1786 964 acta

84 984 289 1034 quaedam
312 984 415 1022 inita
439 998 546 1023 anno
572 983 832 1032 MCCCXXI,
859 984 922 1023 die
948 998 1022 1022 XXI
1048 984 1285 1032 decembris,
1311 984 1353 1022 in
1377 984 1524 1034 quibus
1549 984 1788 1023 nominatur

85 1043 331 1081 Reverendus
360 1043 402 1081 in
426 1043 581 1081 Christo
608 1051 719 1093 pater
741 1043 926 1081 dominus
948 1043 1212 1093 Raymundus
1232 1043 1371 1081 divina
1392 1043 1640 1093 providentia
1660 1051 1786 1093 proto-

85 1102 220 1152 presul
242 1101 531 1153 Alit-apicensis
555 1109 589 1138 ei
614 1101 820 1139 ,tr-namus
848 1101 892 1138 de
930 1100 1098 1139 Verdala
1117 1102 1133 1124 ⁴
1168 1101 1384 1139 canonicus
1417 1101 1720 1153 [Mirapicensiffi
1755 1109 1788 1140 et

84 1161 324 1210 magnificus
351 1176 396 1199 αο
421 1169 557 1211 potens
585 1161 645 1198 vir
674 1161 876 1199 Johannes
904 1161 948 1199 de
975 1160 1089 1198 Levis
1117 1161 1302 1199 dominiis
1330 1160 1633 1211 Mirapicensis,
1663 1160 1788 1210 major

83 1220 226 1269 viginti
248 1220 381 1268 annis,
405 1220 534 1258 minor
554 1220 698 1269 viginti
720 1220 901 1270 quinque.
926 1220 1073 1269 Agitur
1094 1219 1142 1258 de
1165 1219 1331 1258 ecclesia
1353 1220 1464 1258 beati
1487 1220 1668 1258 Mauritii
1690 1219 1787 1258 dicti

82 1279 159 1317 loci
187 1279 235 1318 de
264 1279 470 1329 Mirapice,
500 1279 596 1317 olim
624 1278 796 1329 simplici
824 1278 1068 1330 parrochiali
1096 1278 1277 1325 ecclesia,
1306 1293 1414 1316 nunc
1441 1278 1483 1316 in
1510 1278 1787 1317 cathedralem

81 1337 294 1376 ecclesiam
322 1346 456 1376 erecta
485 1352 508 1376 a
538 1338 698 1376 Joanne
728 1337 871 1386 XXII,
901 1338 953 1375 ad
980 1337 1163 1375 honorem
1191 1337 1342 1375 domini
1374 1337 1574 1375 Joliannis
1602 1337 1646 1375 de
1674 1337 1788 1375 Levis

86 1397 179 1434 bone
206 1397 387 1435 memorie
414 1396 601 1446 genitoris
626 1397 691 1434 sui
717 1412 762 1435 ae
788 1397 926 1435 domas
943 1411 1024 1435 sice.
1053 1397 1099 1434 In
1116 1396 1261 1435 iisdem
1288 1396 1389 1434 actis
1410 1396 1648 1434 nominatur
1674 1410 1787 1446 prae-

83 1470 172 1494 sens
199 1456 242 1494 P.
268 1456 481 1506 episcopus
507 1456 821 1494 Cameracensis.

138 1515 180 1553 P.
225 1515 311 1563 155,
353 1515 420 1565 lig.
464 1515 525 1553 23.
570 1515 789 1553 LIMITATE.
832 1514 974 1554 Bullae
1018 1514 1318 1552 limitationum
1358 1522 1505 1553 extant
1545 1514 1587 1552 in
1628 1514 1788 1563 Regesto

85 1573 254 1612 Joannis
274 1573 415 1621 XXII,
433 1574 556 1639 paulo
572 1582 668 1612 ante
684 1573 868 1621 laudato,
886 1582 927 1612 et
942 1573 983 1611 in
1000 1581 1116 1623 parte
1133 1573 1264 1623 prima
1280 1574 1493 1611 literarum
1509 1572 1788 1611 communium

15 1662 19 1667 ,
84 1633 269 1682 ejusdem
286 1647 418 1683 papae
435 1633 477 1671 in
494 1632 661 1671 archivo
681 1632 915 1671 Vaticano5

137 1692 178 1730 P.
205 1691 292 1741 155,
314 1691 381 1742 lig
405 1691 466 1731 24.
492 1692 789 1730 NARBONENsr.
815 1691 859 1729 L'
866 1664 1015 1730 eveche
1045 1692 1093 1730 de
1126 1691 1301 1729 Limoux
1331 1691 1395 1729 fut
1425 1696 1513 1729 eree
1542 1665 1577 1729 le
1609 1690 1657 1728 20
1690 1693 1790 1728 aout

84 1750 184 1789 1317
215 1751 268 1801 (J.
301 1750 497 1799 Guiraud,
528 1750 752 1789 Cartalaire
780 1751 824 1788 de
853 1750 905 1789 N.
913 1751 975 1789 -D
1007 1750 1051 1788 de
1079 1749 1269 1798 Prouille,
1298 1758 1329 1789 t.
1358 1764 1384 1798 1,
1414 1764 1453 1789 n.
1485 1749 1534 1787 68
1562 1758 1603 1788 et
1632 1749 1788 1797 Mollat,

82 1824 120 1848 n.
146 1809 263 1858 4801)
289 1818 330 1848 et
355 1783 524 1848 Durarid
549 1809 597 1848 de
622 1809 962 1856 Saint-Pourcain
984 1824 1034 1848 en
1058 1809 1202 1848 devint
1222 1810 1258 1848 le
1282 1809 1375 1847 chef
1394 1809 1431 1847 le
1454 1808 1502 1846 21
1526 1810 1626 1847 aout
1651 1808 1788 1858 (Ibat,

81 1882 120 1908 n.
148 1868 227 1917 69).
256 1869 312 1907 La
336 1868 576 1907 re'vocation
601 1869 649 1907 de
675 1876 782 1908 cette
809 1869 988 1907 erectiori
1012 1876 1054 1907 et
1077 1869 1116 1907 13
1141 1868 1323 1907 creation
1341 1867 1410 1906 des
1436 1867 1604 1906 eveches
1623 1867 1789 1906 d’Aleth

80 1935 123 1965 et
140 1927 188 1966 de
207 1927 778 1966 Saint-Pons-de-Thomieres
797 1935 940 1966 eurent
956 1927 1036 1966 lieu
1052 1927 1088 1966 le
1106 1926 1155 1965 28
1172 1926 1319 1966 fevrier
1337 1925 1452 1974 1318,
1471 1925 1790 1965 contrairement

82 1988 104 2024 3
129 1985 358 2025 l’assertion
384 1986 431 2025 de
455 1987 495 2025 la
526 1985 658 2025 Gallia
682 1986 914 2025 Christiana
940 1988 985 2037 (t.
1010 2001 1067 2035 w,
1093 1987 1167 2026 col.
1194 1985 1285 2036 223)
1312 1994 1354 2024 et
1376 1986 1412 2024 le
1439 1985 1495 2023 1²1⁸
1517 1999 1624 2023 mars
1652 1984 1789 2036 (lind,

81 2059 119 2084 n.
139 2044 200 2093 72,
218 2045 374 2094 Mollat,
390 2059 428 2084 n.
447 2044 562 2093 6375,
580 2045 682 2084 6393
697 2053 738 2084 et
754 2045 874 2093 63953
898 2045 1031 2084 Gallia
1048 2044 1294 2092 Christiana,
1310 2052 1340 2084 t.
1365 2059 1419 2093 vl,
1439 2044 1573 2092 Instr„
1590 2044 1663 2083 col.
1683 2043 1786 2092 117).

137 2104 179 2142 P.
216 2103 303 2151 155,
336 2103 402 2154 lig.
450 2104 511 2143 32.
558 2104 681 2142 APUD
725 2104 928 2143 CASTRAS.
971 2104 1092 2154 AEgre
1137 2103 1179 2142 id
1220 2104 1318 2142 tulit
1362 2102 1615 2141 Bertrandus
1660 2102 1787 2140 abbas

82 2162 306 2201 Castrensis
332 2171 374 2202 et
396 2163 640 2211 intercessit,
666 2177 848 2202 asserens
873 2163 1120 2202 erectionem
1143 2163 1241 2201 novi
1265 2162 1525 2213 episcopatus
1549 2161 1592 2199 in
1617 2160 1785 2199 Francia

85 2221 170 2260 fieri
191 2236 273 2260 non
293 2236 411 2272 posse
433 2222 588 2272 absque
610 2236 777 2260 assensu
798 2222 915 2273 regis,
931 2229 973 2261 et
994 2236 1137 2261 causas
1158 2235 1255 2260 suae
1277 2219 1614 2260 contradictionis
1636 2219 1787 2269 scripto

82 2280 255 2319 tradidit
285 2281 613 2331 praesidentibus
645 2281 894 2331 parlamenti
922 2281 1093 2319 Tolosae
1124 2289 1165 2320 et
1191 2279 1440 2318 Parisiorum
1470 2278 1590 2317 simul
1619 2277 1785 2328 junctis.

132 2411 224 2465 1513.
248 2417 305 2457 N„
326 2429 393 2451 ms.
413 2417 511 2451 latin
527 2417 633 2458 4114,
653 2418 678 2452 f.
699 2419 744 2451 10
763 2423 814 2458 v0,
835 2425 932 2462 part.
956 2419 1005 2459 II,
1027 2430 1107 2463 cap.
1130 2419 1161 2452 2.

131 2471 162 2503 2.
192 2470 232 2504 B.
258 2470 316 2511 N.,
338 2482 406 2504 ms.
428 2470 524 2504 latin
544 2470 649 2511 4114,
671 2471 696 2505 f.
720 2472 762 2504 11
786 2476 838 2512 v0,
860 2477 958 2516 part.
983 2472 1033 2512 II,
1056 2483 1137 2516 cap.
1160 2472 1192 2511 3,
1216 2476 1254 2505 et
1274 2471 1298 2504 f.
1322 2471 1366 2503 12
1387 2474 1431 2511 r0,
1454 2481 1534 2513 cap.
1558 2470 1590 2502 3.

129 2524 162 2557 3.
188 2522 331 2568 Corpus
352 2523 449 2567 juris
470 2525 649 2565 canonici,
674 2524 869 2568 Extravag.
895 2536 1033 2565 comm.,
1057 2524 1121 2558 lib.
1148 2524 1219 2564 III,
1244 2523 1304 2557 tit.
1326 2535 1378 2563 111,
1403 2534 1484 2566 cap.
1510 2523 1542 2562 6,
1567 2523 1605 2562 73
1631 2521 1785 2561 Coulon,

80 2587 116 2610 n.
137 2576 207 2610 346
227 2582 265 2610 et
283 2577 370 2616 3473
391 2577 426 2610 J.
448 2576 496 2611 M.
517 2577 640 2618 Vidal,
657 2578 878 2611 Documents
896 2589 961 2611 sur
979 2578 1027 2611 les
1045 2577 1206 2620 origines
1225 2576 1266 2610 de
1285 2576 1321 2609 la
1337 2576 1507 2620 province
1525 2574 1788 2618 ecclesias-tique

79 2629 122 2662 de
139 2629 330 2670 Toulouse,
350 2630 443 2663 dans
459 2629 626 2664 Annales
643 2631 684 2664 de
700 2630 1229 2670 Sainz-Loais-des-Franpais,
1249 2635 1276 2663 t.
1296 2640 1320 2662 v
1345 2628 1480 2672 (1901),
1507 2640 1543 2672 p.
1563 2628 1631 2661 238
1649 2632 1687 2660 et
1705 2626 1785 2661 239.

129 2683 161 2716 4.
186 2682 276 2716 Voir
296 2682 333 2716 la
355 2682 574 2727 biographie
598 2684 641 2717 de
665 2695 704 2717 ce
727 2695 971 2727 personnage,
997 2684 1089 2716 dans
1109 2682 1366 2717 Dictionnaire
1388 2681 1572 2715 cl‘histoire
1593 2685 1624 2714 et
1645 2680 1686 2713 de
1709 2680 1786 2723 ςέο-

81 2735 233 2779 graphie
251 2736 543 2779 ecclesiastiques,
564 2742 591 2770 t.
610 2748 661 2777 1v,
683 2737 750 2771 col.
771 2737 942 2771 437-438.

130 2789 162 2822 5.
181 2788 250 2822 Les
269 2788 483 2823 differentes
501 2789 620 2823 bulles
639 2790 683 2823 de
701 2789 956 2823 delimitation
973 2794 1060 2822 sont
1084 2794 1210 2822 toutes
1229 2788 1357 2821 datees
1377 2787 1428 2820 du
1446 2787 1490 2820 22
1510 2785 1647 2820 fevrier
1663 2785 1778 2820 1318:

81 2841 363 2885 Toulouse·(M.
398 2841 520 2882 Vidal,
550 2842 822 2883 Documenta...,
858 2842 950 2875 dans
982 2841 1149 2874 Annales
1181 2841 1222 2874 de
1253 2838 1784 2878 Saint-Louis-des-Franeais,

82 2899 108 2927 t.
129 2905 153 2926 v
175 2893 309 2938 (1901),
330 2906 365 2938 p.
388 2895 484 2939 256),
505 2894 745 2929 Montauhan
771 2895 887 2939 (ibid.,
909 2906 944 2938 p.
966 2895 1034 2928 277
1053 2899 1092 2927 et
1116 2893 1239 2927 Gallia
1257 2892 1481 2932 Christiana,
1507 2898 1534 2925 t.
1556 2903 1635 2932 xm,
1656 2890 1781 2931 Instr„

80 2947 148 2980 col.
180 2947 276 2991 205),
308 2947 431 2981 Rieux
461 2947 578 2992 (ibid,
607 2959 642 2992 p.
672 2948 771 2992 367),
801 2947 965 2981 Lombez
997 2946 1113 2989 (ibici,
1142 2958 1178 2990 p.
1215 2945 1313 2990 370),
1352 2944 1624 2988 Saint-Papoul
1665 2943 1782 2988 (ἰωὰ,

81 3011 116 3043 p.
135 3000 204 3033 377
222 3005 260 3033 et
283 2999 405 3034 Gallia
421 2999 645 3041 Christiana,
664 3006 691 3035 t.
710 3012 789 3041 xm,
809 3000 933 3040 Instr„
952 3000 1020 3033 col.
1040 2998 1136 3044 252),
1156 2998 1308 3032 Lavaur
1327 2997 1443 3042 (ibid.,
1462 3009 1497 3042 p.
1516 2998 1585 3032 373
1603 3002 1641 3030 et
1664 2996 1785 3031 Gallia

81 3051 306 3093 Christiana,
333 3059 359 3086 t.
386 3064 465 3093 xm,
492 3053 616 3094 Instr.,
642 3053 710 3088 col.
737 3053 834 3097 268),
861 3052 1044 3097 Mirepoix
1072 3051 1188 3096 (ibid.,
1214 3062 1248 3095 p.
1277 3050 1373 3094 267).
1389 3063 1400 3098 j
