2083 3458
106 235 268 292 [1032]
651 254 866 295 PnAPARUM
902 256 1285 283 AVENIONENSIUM
1723 240 1803 282 549

103 335 242 374 Sancti
270 337 379 374 Petri
407 345 488 375 erat
515 352 637 387 papa,
667 347 700 376 et
728 339 826 377 vidit
854 340 1054 378 Romanos
1082 340 1305 379 choreantes
1333 342 1384 378 ad
1410 349 1564 391 portam
1592 341 1804 389 Anibaldi,

105 396 258 445 nepotis
279 396 397 434 istius
415 396 648 443 cardinalis,
671 412 738 446 pre
758 398 895 438 letitia.

156 455 331 493 Videtur
348 456 415 494 ille
435 456 553 494 initia
575 464 616 494 et
636 457 890 509 incrementa
908 457 1099 496 fortunae
1117 472 1214 497 suae
1231 459 1419 497 debuisse
1440 459 1561 497 Petro
1578 460 1626 498 de
1645 460 1801 497 Monte-

101 528 198 552 ruco
220 515 416 552 cardinali
438 515 757 565 Pampilonensi,
779 516 949 566 ejusque
971 525 1215 563 creaturam,
1237 525 1285 556 ut
1303 518 1360 555 illi
1381 519 1609 557 etiamnum
1628 520 1802 568 loquun-

101 580 170 611 tur
202 573 337 613 fuisse.
367 574 474 611 Nam
500 574 773 625 Raynulphus
801 576 848 613 de
875 576 1002 614 Gorsa
1029 576 1245 615 cardinalis
1273 576 1562 623 Sistaricensis,
1589 578 1658 627 qui
1693 574 1803 616 Petri

102 631 426 682 Pampilonensis
449 648 575 684 nepos
599 641 700 681 erat,
724 641 905 672 testatur
926 635 968 672 in
992 635 1247 685 depositione
1270 649 1341 673 sua
1362 636 1375 658 1
1398 651 1452 683 se,
1480 650 1571 674 cum
1596 637 1648 674 ad
1673 636 1803 674 Urba·

101 705 201 730 num
228 692 285 730 VI
310 692 561 740 accessisset,
588 706 717 742 eaque
744 693 955 731 occasione
982 694 1232 732 cardinalem
1259 694 1398 733 Sancti
1427 695 1536 733 Petri
1562 696 1731 734 adiisset
1756 709 1802 733 ac

102 751 273 790 dixisset
292 767 299 789 ε
319 751 657 789 Reverendissime
673 760 796 801 pater,
815 753 896 789 scio
913 761 947 790 et
963 760 1144 802 expertus
1161 767 1250 790 sum
1267 754 1369 803 quod
1384 753 1594 802 afficimini
1611 755 1663 792 ad
1678 753 1801 792 domi-

104 824 200 848 num
229 825 358 848 meum
386 811 629 849 avunculum
657 811 900 848 cardinalem
929 811 1281 861 Pampilonensem
1308 820 1343 849 et
1372 812 1456 861 ipse
1484 813 1536 850 ad
1564 827 1628 850 vos
1656 812 1801 850 sinceri

103 869 251 907 amoris
275 878 309 908 et
333 870 556 908 dilectionis
580 870 736 920 affectu,
762 870 878 907 illum
903 871 1159 920 respondisse
1188 886 1195 908 :
1223 871 1308 920 Ego
1332 885 1421 908 sum
1446 880 1624 909 creatura
1649 871 1801 909 domini

104 929 192 977 mei,
213 938 248 967 et
266 944 338 979 pro
357 929 428 967 tali
449 944 508 967 me
526 937 675 978 reputo.

156 989 307 1027 Factus
332 996 394 1027 est
415 988 541 1038 igitur
563 988 781 1038 presbyter
804 989 1021 1027 cardinalis
1046 989 1098 1026 ab
1124 988 1292 1027 Urbano
1317 989 1350 1025 V
1375 989 1712 1036 MCCCLXVIII,
1738 989 1802 1027 die

104 1062 192 1086 xxn
214 1048 473 1098 septembris,
496 1048 685 1098 quamvis
707 1047 866 1086 absens.
891 1048 968 1086 Sed
988 1056 1133 1098 postea
1153 1048 1329 1086 intravit
1349 1049 1504 1087 curiam
1525 1049 1588 1086 die
1611 1063 1669 1086 xx
1691 1056 1802 1086 octo-

102 1107 197 1146 bris.
220 1107 325 1145 Tum
344 1122 441 1146 vero
461 1107 495 1146 ei
517 1107 638 1145 datus
659 1115 721 1145 est
740 1107 887 1145 titulus
910 1108 1085 1146 Sanctae
1106 1107 1294 1146 Sabinae.
1319 1107 1439 1145 Hunc
1458 1108 1641 1157 plerique
1662 1121 1800 1145 omnes

102 1166 288 1205 scribunt
310 1166 433 1205 fuisse
455 1166 860 1216 archipresbyterum
883 1167 919 1206 S.
945 1167 1055 1205 Petri
1078 1175 1118 1206 et
1141 1167 1192 1204 ob
1213 1167 1289 1205 hoc
1311 1168 1434 1216 vulgo
1455 1174 1650 1204 vocatum
1674 1166 1802 1204 cardi-

104 1226 239 1265 nalem
263 1226 404 1265 Sancti
429 1226 553 1265 Petri.
581 1226 699 1274 Quod
723 1226 823 1264 mihi
847 1240 930 1264 non
954 1227 1121 1264 videtur
1144 1240 1228 1264 esse
1252 1240 1408 1264 verum.
1429 1225 1588 1275 Quippe
1612 1226 1652 1263 in
1678 1225 1800 1275 depo-

103 1285 250 1324 sitione
270 1284 285 1308 2
309 1284 469 1335 Aegidii
496 1285 630 1324 Sancii
657 1285 876 1332 Munionis,
903 1286 1128 1336 praepositi
1155 1286 1471 1331 Valentinensis,
1498 1284 1654 1334 reperio
1674 1284 1803 1322 archi-

103 1345 440 1394 presbyteratum
470 1344 610 1383 Sancti
640 1345 765 1392 Petri,
796 1353 841 1382 ut
871 1345 1060 1383 solebant
1089 1353 1180 1383 tum
1212 1344 1388 1383 Romani
1418 1344 1639 1382 Pontifices
1669 1343 1802 1392 plures

102 1403 246 1442 titulos
272 1404 383 1442 urbis
412 1404 567 1443 Romae
593 1404 881 1443 commendare
906 1405 976 1442 uni
1002 1404 1212 1451 cardinali,
1238 1403 1483 1453 pertinuisse
1508 1402 1560 1440 ad
1589 1402 1804 1451 Hugonem

105 1463 355 1502 cardinalem
379 1463 518 1501 Sancti
543 1462 754 1502 Martialis.
781 1463 844 1501 Sic
867 1462 976 1501 enim
997 1463 1147 1513 legitur
1168 1463 1208 1500 in
1232 1462 1487 1512 depositione
1509 1461 1577 1499 illa
1603 1477 1609 1498 z
1634 1461 1700 1497 Ad
1720 1460 1806 1497 XX

104 1524 344 1572 respondens
367 1522 469 1560 discit
491 1523 593 1572 quod
613 1523 857 1560 camerarius
879 1537 919 1560 se
942 1522 1097 1560 reduxit
1118 1522 1171 1559 ad
1192 1531 1363 1559 castrum
1387 1520 1524 1558 Sancti
1548 1519 1694 1568 Angeli
1718 1533 1806 1556 cum

105 1582 292 1631 pluribus
319 1582 431 1619 bonis
455 1578 633 1619 Romane
657 1581 830 1619 Ecclesie
853 1590 888 1619 et
910 1581 997 1619 suis
1021 1589 1055 1619 et
1078 1581 1283 1630 aliquibus
1307 1580 1537 1618 hominibus
1560 1578 1806 1615 secularibus

103 1650 139 1679 et
153 1641 427 1679 ecclesiasticis
443 1641 609 1678 armatis
625 1649 659 1678 et
676 1640 909 1688 inermibus,
928 1649 961 1678 et
978 1641 1079 1690 quod
1094 1640 1197 1677 stetit
1213 1639 1271 1682 ihi
1288 1639 1414 1677 dictus
1431 1638 1673 1676 camerarius
1689 1637 1807 1675 donec

102 1700 182 1749 suit
200 1700 331 1739 electio
348 1700 465 1750 sacta.
484 1700 545 1737 De
562 1699 785 1738 munitione
804 1714 889 1737 vero
909 1699 1039 1747 castri,
1061 1700 1163 1749 quod
1181 1707 1273 1737 tunc
1291 1699 1468 1748 aliquam
1486 1696 1618 1746 fecerit
1638 1697 1805 1745 ignorat.

108 1759 184 1797 Sed
201 1768 291 1797 ante
310 1767 469 1797 mortem
488 1759 641 1797 domini
667 1759 860 1808 Gregorii,
881 1773 922 1795 eo
944 1759 986 1796 in
1007 1757 1240 1808 infirmitate
1258 1757 1478 1803 constituto,
1500 1755 1675 1793 vendidit
1693 1756 1806 1804 depo-

108 1833 205 1856 nens
234 1819 278 1857 de
310 1818 437 1856 bladis
466 1818 619 1856 domini
648 1818 868 1856 cardinalis
898 1818 1036 1856 Sancti
1066 1817 1288 1864 Martialis,
1320 1831 1391 1867 que
1420 1815 1586 1853 habebat
1614 1814 1734 1851 Rome
1763 1814 1807 1850 de

105 1877 487 1928 archipresbyteratu
502 1891 574 1915 suo
591 1877 729 1915 Sancti
744 1877 867 1924 Petri,
884 1876 1094 1926 seraginta
1108 1876 1251 1914 rubras
1267 1875 1425 1913 domino
1445 1875 1470 1912 J
1474 1873 1624 1911 olzanni
1641 1872 1808 1921 Rosseti,

108 1938 266 1975 nomine
289 1937 384 1975 dicti
407 1936 560 1974 domini
583 1936 807 1984 camerarii,
832 1936 974 1974 ementi
998 1950 1042 1974 ac
1065 1935 1308 1985 pretendenti
1332 1935 1433 1984 quod
1457 1934 1499 1970 in
1522 1941 1646 1970 castro
1671 1931 1807 1969 Sancti

108 1995 256 2045 Angeli
275 2005 357 2034 erat
376 1996 574 2033 modicum
597 1996 768 2034 bladum.

163 2055 209 2093 In
233 2056 363 2095 veteri
387 2055 665 2094 instrumento
691 2055 879 2094 confecto
905 2069 1013 2093 anno
1039 2054 1254 2092 milesimo
1280 2052 1571 2098 CCCLXXIV,
1599 2050 1661 2088 die
1686 2050 1807 2087 lunae

108 2129 211 2152 xxm
246 2114 396 2153 mensis
431 2115 623 2162 octobris,
657 2114 814 2164 reperio
846 2115 962 2153 illum
996 2114 1119 2152 fuisse
1154 2112 1398 2151 canonicum
1430 2119 1472 2150 et
1504 2109 1807 2148 thesaurarium

109 2173 313 2213 Ecclesiae
343 2174 623 2224 LingonensiS.

161 2233 282 2271 Anno
318 2232 640 2271 MCCCLXXVI
676 2233 929 2272 constitutus
965 2240 1027 2271 cst
1062 2246 1084 2270 a
1121 2230 1314 2281 Gregorio
1352 2229 1413 2266 XI
1447 2229 1606 2278 legatus
1642 2227 1683 2264 in
1719 2225 1808 2275 qui-

109 2292 286 2330 busdam
312 2292 501 2342 partibus
536 2292 700 2339 ltaliae;
730 2292 872 2339 Bzov.,
904 2305 968 2330 an.
1004 2291 1117 2337 1376,
1144 2290 1160 2339 ξ
1191 2289 1254 2336 25,
1285 2297 1326 2327 et
1356 2288 1478 2326 Odor.
1515 2286 1704 2335 Raynal„
1739 2298 1802 2322 an.

111 2351 215 2399 eod„
242 2351 258 2400 §
276 2351 311 2389 8.

165 2410 328 2448 Mortuo
352 2410 523 2449 tandem
550 2411 743 2461 Gregorio
771 2410 831 2447 XI
858 2424 966 2448 anno
992 2409 1206 2448 millesimo
1233 2405 1570 2451 CCCLXXVIII,
1597 2404 1660 2442 die
1687 2417 1805 2440 xxvii

110 2469 262 2517 martii,
287 2477 383 2519 post
405 2477 609 2520 peractas,
635 2477 682 2508 ut
707 2470 829 2507 moris
855 2477 930 2516 est,
955 2467 1149 2518 exequias
1175 2466 1261 2515 ejus
1287 2480 1359 2515 per
1381 2477 1531 2502 novem
1556 2461 1806 2509 dies‚'cardi-

110 2529 222 2567 nales
252 2528 422 2579 ingressi
453 2537 550 2567 sunt
582 2529 776 2567 conclave
807 2543 880 2578 pro
912 2527 1109 2566 electione
1141 2525 1269 2563 futuri
1293 2522 1523 2574 pontificis3
1556 2529 1597 2559 et
1628 2534 1721 2559 cum
1752 2519 1806 2557 eis

109 2587 285 2627 intravit
312 2588 438 2627 etiam
465 2588 682 2626 cardinalis
711 2587 851 2625 Sancti
879 2587 1003 2634 Petri,
1033 2585 1102 2635 qui
1128 2593 1219 2622 tum
1246 2583 1451 2633 podagrae
1479 2579 1686 2618 doloribus
1715 2578 1808 2616 fati-

111 2647 300 2697 gabatur.
332 2647 595 2685 Adnotatum
623 2647 664 2685 id
693 2647 735 2684 in
766 2644 1052 2696 depositione3
1083 2643 1219 2681 fratris
1252 2641 1361 2680 Petri
1392 2641 1440 2678 de
1472 2637 1767 2687 Guadalfajara
1799 2652 1807 2673 t

107 2707 205 2745 Dies
224 2721 300 2756 qua
317 2706 540 2744 cardinales
560 2706 761 2744 intrarunt
777 2705 956 2743 conclave
974 2711 1055 2741 erat
1078 2702 1161 2740 dies
1186 2699 1384 2747 mercurii,
1411 2698 1525 2748 quasi
1546 2697 1645 2735 inter
1665 2710 1810 2734 nonam

111 2775 146 2804 et
164 2779 341 2815 vesperos
362 2766 420 2803 vel
437 2765 533 2803 hora
553 2777 813 2814 vesperorum.
837 2764 888 2801 Et
906 2777 974 2812 ego
996 2761 1142 2799 intravi
1163 2761 1311 2798 dictum
1330 2758 1508 2796 conclave
1527 2757 1579 2793 acl
1598 2755 1810 2793 videndum

113 2825 403 2863 ordinationem
431 2824 574 2875 ἱρείας.
605 2824 657 2862 Et
683 2824 839 2873 quando
868 2822 973 2860 volui
1001 2822 1117 2867 exire,
1148 2819 1229 2857 vidi
1254 2818 1356 2868 quod
1383 2815 1701 2854 introducebatur
1727 2828 1809 2852 car-

113 2884 263 2922 dinalis
292 2883 429 2922 Sancti
458 2883 568 2921 Petri
598 2882 641 2921 in
677 2882 860 2930 brachiis,
892 2882 986 2932 quia
1014 2889 1094 2918 erat
1124 2887 1296 2928 gutosus‘.
1332 2877 1436 2915 Item
1465 2889 1587 2924 supra
1617 2873 1809 2911 laudatus

159 3027 191 3059 1.
221 3025 288 3058 ΜΞ.
317 3024 401 3064 cite,
423 3024 486 3058 tol.
515 3025 559 3058 73
588 3028 639 3058 νο.

162 3079 194 3112 2.
223 3078 290 3111 Ms.
320 3077 404 3117 cite,
432 3077 495 3111 fol.
525 3078 594 3111 188
621 3082 664 3111 r0.

161 3133 194 3166 3.
224 3131 291 3164 Ms.
320 3131 404 3171 cite,
433 3130 495 3164 fol.
525 3130 570 3163 99
596 3134 641 3164 1¹⁰.
