2083 3458
250 220 335 264 400
901 240 1052 266 NOTAE
1086 240 1147 266 AD
1182 240 1309 267 vr'rAs
1828 222 1956 280 [888]

251 336 409 360 menses
433 322 643 370 mansisse,
666 331 785 373 patet
816 339 867 362 ex
888 324 1072 362 Historia
1094 324 1380 373 Cortusiorum,
1403 325 1472 363 lib.
1500 325 1552 373 X,
1577 339 1663 375 cap.
1687 340 1699 363 1
1727 323 1958 375 [Muratori⁷

251 389 281 419 t.
305 395 375 427 xn,
398 381 471 419 col.
494 381 594 432 931]
617 390 658 420 et
678 397 729 421 ex
750 383 962 422 Matthaeo
979 383 1168 431 Villanio,
1188 384 1257 423 lib.
1285 384 1314 432 I,
1337 398 1424 435 cap.
1443 399 1549 422 ΧΧΙΧ
1566 383 1795 434 [Muratori,
1816 391 1846 422 t.
1871 397 1957 430 ΧΠ,

251 440 325 478 col.
347 440 435 490 33].
460 440 612 480 Verum
633 442 824 482 eumdem
844 457 885 481 se
907 443 1073 493 gessisse
1094 451 1142 481 ut
1161 444 1344 494 legatum
1365 443 1497 493 colligi
1517 458 1634 494 posse
1655 443 1820 481 videtur
1840 457 1891 481 ex
1909 442 1956 480 iis

251 513 355 548 quae
406 514 477 549 per
520 500 833 539 Hannibaldum
875 503 1113 553 episcopum
1154 502 1434 542 Tusculanum
1484 510 1526 541 et
1574 503 1683 541 hunc
1726 502 1958 541 Guidonem

252 558 407 597 Romae
429 566 614 609 tempore
634 560 804 609 jubilaei
825 569 919 599 acta
941 576 1025 600 esse
1060 569 1240 600 testatur
1264 562 1463 600 Henricus
1488 561 1745 600 Rebdorffius
1762 561 1816 612 [p.
1841 560 1957 611 562],

248 617 442 656 nimirum
459 633 525 656 605
543 619 595 656 ad
614 627 706 657 octo
724 620 807 658 dies
821 620 1031 659 reduxisse
1046 620 1129 659 dies
1154 621 1388 670 quindecim
1405 621 1548 671 quibus
1569 620 1769 671 peregrini
1786 620 1959 669 forenses

249 677 414 714 volentes
436 677 777 727 indulgentiarum
796 680 1012 730 participes
1034 680 1120 730 fieri
1139 688 1241 718 stare
1261 680 1451 718 debebant
1470 680 1513 718 in
1539 680 1654 718 Urbe.
1678 680 1796 728 Quod
1816 687 1956 718 tamen

248 736 306 773 ita
332 736 497 774 videtur
521 737 814 787 explicandum
837 747 885 776 ut
910 739 1112 779 creditum
1136 740 1258 789 vulgo
1283 739 1336 778 sit
1360 739 1424 790 agi
1448 753 1471 777 a
1496 739 1656 778 duobus
1682 738 1957 777 cardinalibus

249 796 358 844 quod
390 810 412 834 a
444 797 529 834 solo
563 796 828 836 Hannibaldo
860 798 1090 848 gerebatur,
1123 813 1246 848 quem
1277 798 1487 837 Albericus
1520 813 1542 836 a
1575 799 1728 837 Rosate
1759 797 1801 836 in
1831 797 1957 836 verbo

246 854 475 904 jubilaeum
500 863 680 894 testatur
704 871 749 895 ea
774 858 1024 896 auctoritate
1048 857 1299 897 instructum
1324 858 1460 906 fuisse,
1486 859 1597 896 nulla
1623 857 1820 896 Guidonis
1846 871 1956 895 men-

249 914 372 953 tione.
391 914 492 953 Vide
514 930 637 966 supra
658 915 700 953 in
722 916 905 954 Secunda
926 917 1006 954 vita
1023 917 1235 955 Clementis
1261 917 1334 965 Vl,
1351 932 1390 968 p.
1407 917 1495 956 369.
1515 918 1571 954 At
1586 917 1819 955 Ludovicus
1840 916 1956 954 Cavi-

248 973 381 1011 tellius
411 974 452 1012 in
482 974 715 1012 Annalibus
736 974 1082 1023 Cremonensibus,
1110 976 1178 1015 fol.
1208 976 1282 1015 130
1308 978 1364 1024 v⁰‚
1398 985 1576 1026 quatuor
1604 984 1696 1015 tum
1731 975 1957 1014 cardinales

248 1033 427 1073 Romam
455 1034 716 1073 transmissos
745 1050 830 1073 esse
858 1035 917 1073 ait
944 1050 966 1073 a
996 1036 1216 1082 Clemente.
1249 1036 1367 1084 Quod
1396 1036 1666 1074 confirmatur
1694 1050 1744 1073 ex
1771 1050 1817 1073 60
1847 1034 1957 1084 quod

245 1092 444 1143 epistolae
477 1108 547 1131 xv1
580 1102 620 1132 et
652 1108 738 1132 xv11
768 1094 861 1132 libri
894 1092 956 1132 XI
987 1095 1075 1134 Rer.
1107 1095 1300 1144 familiar.
1335 1095 1581 1134 petrarchae
1612 1094 1788 1145 scriptae
1818 1101 1917 1131 sunt
1948 1109 1956 1130 z

244 1152 298 1189 ad
319 1161 484 1202 quatuor
505 1153 727 1191 cardinales
748 1168 820 1203 pro
841 1154 1089 1203 reformando
1112 1155 1315 1192 Romanae
1337 1154 1579 1204 reipublicae
1600 1162 1704 1191 statu
1735 1154 1956 1203 deputat083

246 1226 348 1261 quas
365 1212 558 1262 epistolas
574 1212 723 1251 vidisse
739 1213 864 1251 etiam
879 1214 1081 1253 Bzovium
1097 1214 1229 1263 colligi
1244 1228 1361 1264 posse
1376 1214 1541 1252 videtur
1556 1213 1666 1252 exiis
1683 1227 1787 1262 quae
1803 1212 1958 1258 scribit,

247 1286 311 1309 an.
346 1271 460 1319 1350,
498 1271 514 1320 ξ
544 1272 581 1319 3,
612 1272 682 1309 ubi
711 1272 819 1310 inter
849 1281 1028 1322 quatuor
1058 1273 1284 1311 cardinales
1317 1273 1493 1312 Romam
1523 1287 1546 1311 a
1577 1273 1785 1311 Clemente
1815 1271 1958 1313 missos

246 1339 439 1370 numerat
468 1331 637 1370 Petrum
666 1331 825 1380 Cyriaci
854 1332 1189 1371 Lemovicensem
1217 1332 1329 1370 tituli
1358 1332 1498 1370 Sancti
1525 1331 1792 1381 Chrysogoni.
1824 1330 1959 1380 Hujus

247 1405 343 1429 vero
360 1390 577 1429 cardinalis
595 1390 789 1429 notitiam
809 1391 957 1429 habuit
972 1391 1149 1430 Bzovius
1166 1406 1217 1430 ex
1238 1392 1329 1429 Vita
1346 1391 1506 1429 Nicolai
1522 1391 1731 1428 Laurentii
1752 1390 1842 1440 [col.
1866 1389 1960 1427 487-

248 1449 338 1500 488]
353 1466 360 1497 ;
378 1450 420 1487 111
438 1464 519 1499 qua
540 1458 681 1489 tamen
696 1464 827 1500 neque
845 1464 995 1490 nomen
1011 1448 1142 1500 neque
1160 1451 1295 1501 patria
1310 1451 1415 1489 illius
1435 1450 1716 1497 nominantur,
1739 1448 1961 1488 tamenetsi

249 1510 388 1547 Gallus
409 1509 584 1557 dicatur,
606 1509 676 1547 sed
696 1517 864 1549 tantum
884 1510 1030 1548 titulus
1053 1510 1348 1548 cardinalitius.
1372 1510 1449 1548 Sed
1470 1510 1569 1548 11366
1592 1524 1701 1547 mera
1722 1517 1784 1547 est
1803 1508 1958 1555 fabula,

249 1583 342 1606 cum
368 1576 525 1607 certum
551 1569 604 1606 sit
630 1569 788 1607 nullum
809 1583 855 1607 63
881 1577 1131 1619 tempestate
1149 1569 1398 1607 cardinalem
1414 1569 1537 1607 fuisse
1562 1569 1679 1606 istius
1704 1568 1830 1606 tituli.
1853 1567 1959 1605 Nam

250 1628 360 1678 quod
397 1627 632 1678 Onuphrius
670 1628 894 1666 Panvinius
929 1628 970 1666 in
1007 1628 1188 1666 Secunda
1221 1629 1387 1678 epitome
1421 1628 1562 1666 scribit
1598 1628 1767 1666 Petrum
1802 1626 1961 1676 Cyriaci

252 1687 599 1734 Lemovicemem,
621 1687 859 1737 episcopum
880 1687 1232 1735 Attrebatensem‚
1255 1688 1377 1726 fuisse
1398 1688 1557 1725 factum
1579 1687 1828 1726 cardinalem
1848 1685 1961 1723 tituli

251 1746 391 1785 Sancti
412 1746 663 1795 Chrysogoni
683 1760 791 1784 anno
810 1746 1025 1785 millesimo
1045 1747 1279 1794 CCCXLII,
1300 1762 1357 1784 ΧΠ
1378 1748 1457 1785 kal.
1480 1747 1672 1793 octobris,
1692 1745 1960 1784 hallucinatio

250 1814 313 1844 est
333 1805 509 1844 hominis
531 1805 609 1843 alio
630 1805 886 1857 traducentis
910 1806 1078 1845 Petrum
1098 1806 1318 1844 Bertrandi
1337 1806 1542 1855 juniorem
1563 1806 1802 1856 episcopum
1824 1804 1960 1842 Attre-

252 1865 478 1903 batensem.
507 1864 639 1912 Quare
664 1878 795 1914 neque
820 1865 1033 1903 Ciaconius
1060 1864 1114 1914 [t.
1138 1880 1180 1912 11,
1205 1866 1279 1904 601.
1305 1865 1404 1915 493]
1431 1880 1562 1915 neque
1588 1864 1786 1903 Oldoinus
1812 1863 1960 1902 debue-

252 1932 347 1962 rant
373 1924 460 1973 ejus
487 1924 673 1961 insistere
700 1924 895 1974 vestigiis,
923 1925 1055 1963 multo
1082 1924 1215 1962 minus
1243 1925 1391 1962 addere
1419 1939 1512 1962 eum
1538 1932 1628 1962 toto
1655 1938 1763 1962 anno
1790 1922 1961 1961 MCCCL

252 1983 415 2021 stetisse
438 1983 479 2020 in
503 1983 602 2021 urbe
629 1983 775 2030 Roma,
801 1998 893 2022 cum
925 1983 966 2021 id
990 1998 1134 2021 verum
1158 1998 1240 2021 non
1264 1984 1317 2021 sit
1345 1992 1387 2022 et
1416 1998 1498 2021 non
1531 1984 1643 2022 dicat
1677 1990 1821 2021 auctor
1850 1982 1962 2019 Vitae

254 2042 475 2080 Laurentii.
500 2042 633 2090 Quam
659 2042 804 2089 Vitam,
826 2050 874 2079 ut
894 2043 970 2081 hoc
990 2044 1113 2082 semel
1134 2057 1338 2091 moneam,
1360 2058 1442 2081 non
1462 2051 1565 2093 puto
1586 2042 1784 2092 scriptam
1804 2056 1888 2080 esse
1910 2040 1961 2078 ab

255 2110 422 2139 auctore
443 2109 679 2149 coaetaneo,
698 2110 746 2138 ut
764 2101 946 2152 plerique
965 2110 1132 2152 putant,
1153 2117 1246 2141 cum
1265 2103 1396 2142 multa
1417 2102 1629 2140 contineat
1646 2116 1810 2152 prorsus
1831 2100 1962 2138 aliena

258 2176 279 2198 a
301 2176 411 2208 vero,
433 2168 480 2198 ut
500 2160 596 2198 alibi
617 2160 810 2208 diximus,
830 2161 1072 2211 praesertim
1092 2175 1138 2200 ea
1160 2175 1264 2211 quae
1285 2162 1334 2200 de
1354 2162 1430 2199 hoc
1451 2161 1656 2199 cardinale
1677 2159 1817 2198 Sancti
1838 2159 1963 2208 Chry-

254 2220 397 2270 sogoni
425 2220 506 2258 illic
536 2220 742 2267 dicuntur,

312 2280 353 2317 P.
392 2277 481 2327 254,
518 2279 584 2329 lig.
634 2279 669 2318 4.
718 2279 838 2317 OBIIT
875 2277 1131 2317 ANIBALDUS
1177 2294 1284 2317 anno
1331 2280 1516 2327 MCCCL,
1562 2294 1633 2317 xvi
1680 2279 1757 2317 kal.
1797 2276 1964 2328 augusti

259 2338 323 2388 [17
344 2338 518 2388 juillet]‚
540 2346 587 2376 ut
608 2353 659 2376 ex
680 2338 909 2387 Menologio
931 2338 1165 2376 Cassinensi
1190 2339 1315 2377 refert
1331 2339 1526 2389 Ughellus
1552 2339 1593 2376 in
1612 2338 1800 2387 Catalogo
1817 2337 1963 2388 episco-

259 2412 400 2448 porum
433 2397 762 2436 Tusculanorum.
795 2397 909 2435 Obiit
945 2406 1086 2437 autem
1115 2399 1226 2448 apud
1256 2398 1454 2436 Sanctum
1485 2398 1737 2437 Germanum
1770 2397 1811 2434 in
1840 2411 1964 2447 regno

262 2457 555 2506 Neapolitano;
580 2457 688 2495 unde
716 2471 861 2507 corpus
890 2457 976 2506 ejus
1003 2458 1180 2496 relatum
1201 2458 1392 2504 Romam,
1414 2458 1623 2507 sepultum
1645 2465 1706 2495 est
1732 2456 1773 2494 in
1797 2456 1964 2494 basilica

261 2516 401 2554 Sancti
418 2516 540 2553 Petri.
563 2516 624 2554 Ita
643 2516 836 2565 Ughellus
855 2516 900 2566 [t.
916 2531 942 2563 1,
960 2517 1033 2555 col.
1051 2516 1165 2566 236}
1183 2517 1238 2554 At
1258 2517 1299 2554 in
1320 2517 1412 2554 Vita
1426 2516 1587 2554 Nicolai
1607 2515 1742 2554 Rentii
1759 2514 1849 2565 [col.
1871 2516 1964 2554 487-

261 2575 359 2625 490]
390 2575 590 2625 scriptum
617 2583 678 2613 est
703 2575 820 2615 illum
847 2575 993 2614 obiisse
1019 2575 1061 2613 in
1088 2576 1184 2613 villa
1212 2576 1261 2614 de
1290 2576 1441 2614 Sancto
1473 2575 1606 2613 Ivorio
1629 2590 1755 2625 prope
1783 2583 1964 2613 castrum

262 2634 401 2672 Sancti
421 2633 627 2681 Germani,
648 2642 689 2672 et
709 2634 885 2672 cadaver
904 2634 990 2684 ejus
1009 2634 1246 2674 involutum
1265 2650 1349 2673 esse
1370 2643 1483 2673 veste
1505 2634 1788 2673 Franciscana.

317 2693 358 2730 P.
379 2692 467 2739 254,
485 2693 550 2743 lig.
569 2691 606 2731 8.
629 2693 871 2731 RECURSUM
891 2708 1137 2732 HABERENT.
1159 2694 1318 2744 Quippe
1336 2708 1519 2732 summus
1538 2693 1726 2743 pontifex
1743 2693 1778 2732 ei
1796 2693 1966 2731 dederat

261 2760 514 2801 potestatem
555 2752 769 2791 minuendi
802 2752 885 2791 dies
929 2752 1076 2802 quibus
1117 2752 1318 2803 peregrini
1353 2767 1517 2791 manere
1547 2752 1755 2791 debebant
1783 2752 1825 2789 in
1866 2752 1966 2790 urbe

267 2811 466 2848 Romana.
498 2811 706 2849 Albericus
734 2811 783 2849 de
813 2811 965 2849 Rosate
992 2811 1033 2849 in
1061 2812 1187 2849 verbo
1218 2812 1402 2849 Jubileus
1429 2812 1470 2849 id
1497 2819 1677 2850 testatur
1703 2811 1764 2849 his
1792 2811 1926 2849 verbis
1956 2825 1963 2847 :

266 2869 369 2906 Licet
392 2870 647 2907 conmmmz'ter
668 2870 741 2907 alii
763 2870 962 2919 peregrini
983 2879 1129 2908 starent
1149 2871 1287 2908 diebus
1308 2871 1392 2908 XV
1414 2870 1456 2907 in
1477 2871 1616 2918 Roma,
1639 2885 1706 2919 ego
1727 2878 1857 2907 tamen
1877 2884 1966 2907 cum

265 2928 381 2964 sociis
404 2929 499 2964 meis
520 2928 642 2965 habui
665 2929 834 2978 gratiam
854 2944 878 2967 a
898 2930 1101 2967 reverendo
1122 2938 1231 2979 patre
1250 2938 1284 2967 et
1304 2929 1462 2967 domino
1483 2944 1565 2966 meo
1586 2929 1743 2967 domino
1764 2928 1967 2966 Anibalclo

265 2986 447 3035 episcopo
471 2987 695 3024 Tusculano
714 2996 747 3024 ct
765 2996 896 3025 sancte
906 2989 1077 3026 Ecclesie
1087 2989 1263 3026 Romane
1282 2988 1492 3035 cardinali,
1513 2996 1605 3026 tunc
1623 2988 1743 3025 Rome
1759 2988 1969 3038 apostolice

269 3045 380 3082 Sedis
398 3046 534 3093 legato,
552 3060 670 3094 super
688 3046 755 3083 hoc
772 3047 933 3084 habente
950 3048 1218 3085 auctoritatem
1234 3047 1503 3097 apostolicam,
1523 3062 1639 3097 quam
1656 3047 1737 3084 vidi
1754 3047 1828 3085 sub
1848 3046 1966 3095 bulla,

266 3104 368 3152 quoi!
395 3118 472 3140 non
497 3104 674 3141 stetimus
701 3105 781 3141 nisi
806 3120 872 3142 sea
898 3106 1046 3144 diebus.
1075 3107 1232 3144 Poterat
1256 3106 1362 3143 enim
1388 3106 1432 3143 de
1457 3114 1625 3156 tempore
1652 3106 1820 3155 gratiam
1844 3105 1970 3155 facere
