2083 3458
253 216 333 257 568
887 233 1037 257 NOTAE
1073 233 1132 256 AD
1167 233 1294 257 VITAS
1813 215 1954 271 [1052]

309 317 349 355 P,
376 316 466 363 377,
491 317 557 365 lig.
586 316 645 354 10.
676 316 913 354 REPARARI.
942 316 1038 354 Voir
1064 317 1317 361 Lecacheux,
1343 331 1381 355 n.
1409 317 1498 364 353,
1524 317 1710 356 493-495.

307 375 349 413 Ρ.
376 375 466 422 377,
491 376 557 424 lig.
587 375 646 413 12.
674 375 863 413 VINEAM.
891 375 1319 424 Albanas-Chevalier,
1346 391 1407 426 op.
1435 377 1514 423 cit„
1540 385 1569 415 t.
1595 392 1620 425 ι,
1646 392 1684 427 p.
1712 376 1800 414 416.

307 434 348 472 P.
381 434 469 481 277,
498 434 565 483 lig.
597 434 658 473 23.
690 435 938 473 ΡΒΕΤΕΒΕΑ.
972 435 1025 473 Le
1056 435 1332 485 chroniqueur
1360 435 1458 474 s’est
1486 437 1606 483 servi,
1637 438 1658 474 a
1687 436 1819 486 partir
1848 435 1959 483 d’ici,

253 494 300 531 de
321 494 622 531 l’insormation
644 494 743 531 faite
765 508 814 532 en
837 493 939 531 1390
959 508 1027 532 sur
1046 495 1084 531 la
1106 495 1170 532 vie
1191 503 1233 533 et
1252 496 1307 533 les
1330 495 1514 534 miracles
1537 495 1740 533 d‘Urbain
1761 495 1796 532 V
1818 494 1959 544 (Alba-

253 552 570 600 nes-Chexalier,
598 552 714 590 Actes
738 553 914 599 ancieuts‘,
942 561 971 591 t.
998 568 1023 601 Ι,
1050 568 1089 603 p.
1118 553 1194 591 399
1220 554 1296 604 sq).

307 612 349 650 P.
384 611 474 659 378,
507 613 573 661 lig.
610 611 671 650 13.
707 612 1062 650 (ἶοΝευΒΙΝΑΒΙοε
1106 613 1254 662 quibus
1295 614 1462 663 plenam
1503 622 1594 652 tum
1637 614 1760 652 fuisse
1802 613 1958 651 curiam

258 671 488 709 Romanam
521 672 788 720 conqueritur
822 671 1057 715 petr-archa,
1088 672 1262 721 epistola
1295 687 1409 721 xvm,
1439 686 1580 711 earum
1607 687 1711 723 quae
1744 681 1841 710 sunt
1873 673 1959 710 sine

253 730 389 777 titulo,
411 730 480 768 ubi
501 730 696 769 describit
722 731 1064 780 intempestivam
1084 740 1124 770 et
1151 732 1272 770 nimis
1292 732 1571 770 ridiculariam
1589 732 1803 770 libidinem
1824 731 1959 781 cujus-

251 789 347 826 dam
376 789 592 828 cardinalis
621 790 804 837 senieuli,
833 798 879 827 ut
906 790 971 828 ille
1000 799 1135 829 vocat.
1988 785 1993 791 ⁵

306 848 363 886 Ea
388 857 528 887 tamen
553 849 663 886 fama
687 849 727 887 in
751 849 892 899 primis
917 858 1005 888 erat
1030 850 1078 888 de
1106 850 1233 897 Italis,
1259 859 1306 888 ut
1344 851 1467 889 fidem
1499 850 1599 889 facit
1623 851 1747 888 Linus
1773 850 1958 888 Colutius

252 907 464 946 Salutatus
484 907 498 930 1
513 908 555 945 in
571 909 744 958 epistola
761 909 914 958 scripta
931 909 983 946 ad
1000 910 1191 948 eumdem
1209 910 1476 948 Petrarcham
1492 924 1600 948 anno
1618 909 1959 957 MCCCLXVIIL

249 982 290 1004 111
319 982 413 1005 non.
454 966 518 1017 [3]
548 968 707 1017 aprilis3
735 968 777 1006 in
806 982 886 1018 qua
915 983 1133 1007 excurrens
1162 984 1233 1018 per
1259 969 1401 1008 laudes
1431 969 1588 1008 Urbani.
1617 970 1651 1006 V
1680 983 1803 1019 quem
1835 976 1959 1007 vocat

252 1035 526 1075 reparatorem,
554 1041 633 1064 non
654 1027 783 1064 solum
812 1027 946 1075 Urbis,
971 1029 1039 1065 sed
1061 1030 1180 1066 totius
1207 1028 1362 1077 Italiae,
1387 1037 1421 1067 et
1435 1028 1471 1066 si
1490 1030 1576 1078 fata
1597 1029 1818 1078 patiantur,
1841 1027 1960 1066 etiam

251 1086 369 1132 orbis,
394 1086 512 1123 addit
537 1102 544 1123 :
571 1085 678 1136 Quid
700 1086 830 1124 dicam
856 1079 1087 1125 Italicorum
1110 1088 1340 1126 clericorum
1362 1088 1562 1136 lascivias,
1588 1088 1733 1138 quibus
1755 1088 1887 1136 etiam,
1920 1096 1962 1124 ut

250 1145 383 1193 audio,
412 1145 454 1182 in
480 1145 548 1183 hoc
571 1146 661 1183 orbe
686 1146 866 1183 Romano
891 1147 1064 1197 amplior
1088 1147 1247 1185 licentia
1272 1156 1365 1195 erat,
1393 1156 1541 1197 quanta
1578 1148 1726 1185 videres
1758 1147 1961 1185 severitate

249 1218 458 1253 repressas.

306 1263 348 1303 P⁵
378 1263 468 1310 378,
499 1264 565 1313 lig,
596 1263 657 1302 24.
689 1265 969 1304 BENEFICIORV
999 1280 1295 1304 MULTIPLICAT.
1332 1266 1433 1305 Vide
1465 1267 1632 1305 omnino
1664 1280 1768 1317 quae
1803 1266 1852 1305 de
1882 1266 1959 1304 hoc

251 1332 494 1373 argumento
534 1324 676 1362 scribit
720 1324 912 1374 Aegidius
950 1325 1191 1371 Bellamera,
1229 1326 1270 1363 in
1308 1340 1396 1376 cap.
1437 1325 1539 1363 Cum
1574 1340 1707 1375 super,
1743 1326 1802 1362 De
1838 1339 1960 1363 causa

251 1396 415 1431 possess,
455 1391 490 1421 et
524 1384 792 1433 proprietati&
829 1384 953 1422 Porro
986 1385 1029 1423 in
1058 1385 1196 1423 codiee
1229 1383 1333 1422 2672
1362 1385 1638 1423 bibliothecae
1669 1384 1960 1424 Colbertinae2

251 1442 428 1480 habetur
464 1450 671 1480 tractatus
708 1444 880 1481 Joannis
915 1444 963 1482 de
1000 1443 1172 1482 Liniano
1204 1444 1262 1482 De
1299 1445 1529 1494 pluralitate
1567 1444 1858 1493 beneficiorum,
1889 1444 1958 1494 qui

251 1502 376 1539 etiam
393 1502 527 1539 editus
550 1511 612 1540 est
628 1503 725 1540 olim
739 1503 781 1540 in
798 1503 874 1545 hac
890 1503 990 1541 urbe
1018 1504 1249 1551 parisiensi,
1274 1512 1320 1541 ut
1345 1504 1526 1542 dicemus
1550 1505 1674 1553 paulo
1696 1512 1805 1555 post.

304 1561 346 1598 P.
376 1560 465 1611 378,
494 1562 561 1611 h'g.
591 1561 652 1600 29.
685 1562 1214 1601 HORRIBILISL'existfflmc
1243 1564 1292 1601 de
1321 1571 1429 1602 cette
1457 1564 1745 1611 constitution,
1776 1563 1879 1601 dont
1907 1577 1959 1601 on

250 1634 299 1658 ne
318 1623 486 1658 conna'it
504 1635 576 1670 pas
596 1622 631 1659 le
650 1629 779 1668 texte,
799 1630 861 1659 est
884 1624 1061 1660 attestee
1079 1637 1154 1672 par
1175 1622 1456 1670 *Walsingham
1486 1623 1686 1664 (Historia
1711 1622 1959 1672 Anglimna,

251 1687 280 1717 t.
310 1693 336 1726 1,
367 1694 407 1729 p.
439 1679 530 1729 298)
563 1689 604 1718 et
632 1694 707 1730 par
739 1681 903 1731 Higden
934 1681 1277 1731 (Polydzronicon,
1310 1682 1370 1720 ed.
1404 1682 1581 1731 Lumby,
1614 1682 1809 1730 Londres,
1841 1681 1959 1729 1882,

252 1746 281 1777 t.
305 1752 448 1789 vl11‚p.
470 1739 577 1789 413).

305 1797 346 1835 Ρ.
372 1797 462 1846 379,
486 1799 552 1848 lig.
580 1799 613 1837 7.
641 1799 843 1838 Lmnos...
871 1814 1158 1841 MINISTRAVIT.
1185 1801 1259 1839 Les
1283 1815 1457 1851 preuves
1483 1801 1530 1838 de
1555 1815 1616 1839 ses
1638 1801 1861 1839 liberalites
1887 1809 1959 1838 ont

252 1859 315 1894 etc
338 1858 603 1897 rassemblees
638 1873 713 1908 par
739 1859 780 1897 F.
808 1859 929 1897 Ehrle
955 1859 1155 1907 (Historia
1179 1859 1445 1908 bibliothecae,
1470 1868 1499 1898 t.
1524 1875 1549 1908 1,
1573 1875 1612 1910 p.
1639 1859 1727 1904 140,
1754 1859 1841 1907 141,
1868 1859 1960 1907 168,

253 1916 357 1961 169).

305 1975 346 2015 P.
369 1975 458 2024 379,
478 1977 545 2026 lig.
566 1977 602 2015 8.
626 1977 827 2029 Scmsrm
847 1993 1070 2016 MEDICINE.
1094 1979 1305 2017 Caesarius
1329 1978 1748 2026 Heisterbachcensis,
1768 1978 1837 2017 lib.
1860 1978 1958 2026 VII,

251 2048 338 2084 cap.
366 2049 469 2083 xxv,
496 2036 539 2073 in
562 2035 932 2086 Montepessulauo,
960 2037 1029 2074 ubi
1051 2038 1141 2086 fons
1165 2046 1220 2075 est
1242 2038 1340 2076 artis
1363 2038 1562 2088 physicae.
1589 2037 1783 2088 Aegidius
1809 2036 1958 2075 Corbo-

248 2094 382 2132 liensis
408 2094 449 2132 in
473 2095 576 2133 libro
599 2095 659 2133 De
683 2096 897 2134 virtutibus
922 2097 1232 2134 medicaminum
1258 2113 1265 2135 :

516 2183 600 2233 Quo
630 2184 879 2223 Pessulanus
910 2185 991 2222 nisi
1021 2185 1144 2222 Mons
1173 2194 1328 2224 auctore
1358 2186 1506 2233 niteret,

519 2243 766 2281 „Iamdudum
792 2244 980 2294 physicae
1006 2245 1096 2282 laus
1121 2245 1333 2295 ecclipsata
1357 2245 1510 2294 fuisset.

306 2330 541 2369 Matthaeus
571 2332 697 2370 Paris.
726 2333 779 2370 ad
807 2347 963 2371 annum
992 2333 1193 2372 MCCLIV
1219 2335 1390 2383 loquens
1418 2334 1467 2372 de
1494 2334 1630 2372 reditu
1654 2334 1756 2383 regis
1783 2333 1958 2372 Franco-

252 2403 343 2427 rum
374 2405 393 2427 e
423 2390 611 2440 partibus
643 2392 930 2430 transmarinis
964 2409 971 2430 ς
1005 2392 1048 2429 in
1077 2393 1261 2442 partibus
1292 2392 1520 2439 Marsittae,
1553 2407 1650 2442 quae
1681 2407 1760 2430 non
1791 2394 1958 2431 multum

253 2448 401 2487 distant
427 2464 451 2486 a
479 2450 847 2500 Alontepessulano,
879 2451 947 2488 ubi
973 2452 1086 2501 floret
1111 2452 1290 2502 physica.
1324 2452 1438 2490 Idem
1466 2452 1518 2489 ad
1547 2465 1702 2489 annum
1732 2451 1956 2490 MCCLVII

252 2509 421 2557 loquens
447 2508 495 2547 de
520 2510 712 2559 episcopo
740 2510 1030 2549 Herefordensi
1056 2526 1063 2548 :
1086 2511 1304 2549 Dicebatur
1327 2519 1458 2549 tamen
1481 2511 1531 2548 ab
1555 2511 1759 2561 aliquibus
1785 2519 1826 2548 ut
1848 2512 1959 2561 apud

253 2566 694 2616 *Motitempessulanum
732 2578 899 2607 curreret
935 2570 986 2607 ab
1024 2570 1258 2619 infirmitate
1295 2584 1372 2619 qua
1408 2570 1602 2608 laboravit
1637 2571 1856 2609 sanandus,
1899 2570 1957 2608 De

253 2626 418 2664 medicis
451 2626 813 2677 Montispessulani
843 2630 954 2667 locus
986 2638 1046 2667 est
1077 2629 1292 2678 singularis
1323 2630 1434 2680 apud
1464 2637 1656 2667 sanctum
1686 2630 1955 2676 Bernardum,

252 2685 368 2733 epist.
401 2700 547 2733 cccvu,
578 2688 789 2725 occasione
817 2688 1112 2738 archiepiscopi
1143 2688 1440 2738 Lugdunensis,
1470 2689 1539 2738 qui
1570 2688 1746 2726 Romam
1774 2689 1956 2738 proficis-

253 2743 422 2781 cebatur
454 2760 460 2781 :
493 2744 670 2795 Cumque
701 2747 984 2795 infirmaretur,
1016 2748 1249 2797 pertransiit
1278 2762 1398 2797 usque
1426 2749 1479 2785 acl
1499 2747 1954 2797 Illontempessulanum.

259 2802 320 2837 lbi
344 2803 594 2852 aliquamdiu
618 2814 879 2843 commoratus
902 2821 988 2844 cum
1015 2807 1176 2843 medicis
1200 2807 1385 2856 empendit
1406 2815 1441 2844 et
1463 2808 1565 2857 quod
1598 2807 1764 2844 habebat
1792 2815 1826 2844 et
1858 2807 1959 2856 quod

255 2875 332 2896 uon
355 2861 530 2900 habebut.
560 2863 735 2901 Karolus
764 2864 831 2912 IV,
855 2865 969 2915 imp..
994 2866 1033 2903 in
1056 2866 1159 2903 libro
1181 2866 1240 2902 De
1263 2865 1342 2903 wita
1363 2880 1438 2903 sua
1471 2866 1524 2915 [p.
1551 2865 1651 2915 260]
1673 2882 1680 2903 :
1706 2866 1795 2903 Illis
1818 2866 1956 2903 [liebus

255 2934 338 2955 rum
373 2929 482 2968 pater
514 2936 622 2958 meus
656 2938 780 2960 unum
813 2926 967 2961 oculum
1000 2925 1246 2973 perdidisset,
1282 2925 1324 2961 in
1356 2925 1474 2962 altero
1507 2925 1707 2974 incipiens
1740 2925 1954 2974 infirmari,

309 3050 333 3080 1.
369 3050 432 3082 Ed.
466 3051 616 3090 Novati,
648 3058 672 3085 t.
702 3065 724 3092 1,
755 3066 789 3096 p.
820 3055 874 3087 81.

305 3104 332 3133 2.
368 3102 402 3134 Β.
438 3103 492 3141 N.‚
523 3116 588 3136 nis.
620 3106 710 3137 latin
740 3106 845 3146 4225,
876 3108 936 3141 fol.
972 3109 1036 3141 102
1065 3110 1185 3142 r0-1O4
1215 3114 1265 3143 VO.
