<?xml version="1.0" encoding="UTF-8"?>
<!DOCTYPE html PUBLIC "-//W3C//DTD XHTML 1.0 Transitional//EN"
    "http://www.w3.org/TR/xhtml1/DTD/xhtml1-transitional.dtd">
<html xmlns="http://www.w3.org/1999/xhtml" xml:lang="en" lang="en">
 <head>
  <title>
</title>
<meta http-equiv="Content-Type" content="text/html;charset=utf-8" />
  <meta name='ocr-system' content='tesseract 3.04.00' />
  <meta name='ocr-capabilities' content='ocr_page ocr_carea ocr_par ocr_line ocrx_word'/>
</head>
<body>
  <div class='ocr_page' id='page_1' title='image "./vitaepaparumaven02balu_0165.png"; bbox 0 0 2083 3458; ppageno 0'>
   <div class='ocr_carea' id='block_1_1' title="bbox 105 169 1802 225">
    <p class='ocr_par' dir='ltr' id='par_1_1' title="bbox 105 169 1802 225">
     <span class='ocr_line' id='line_1_1' title="bbox 105 169 1802 225; baseline -0.001 -15"><span class='ocrx_word' id='word_1_1' title='bbox 105 169 229 225; x_wconf 82' lang='grc'>[668]</span> <span class='ocrx_word' id='word_1_2' title='bbox 629 186 846 211; x_wconf 76' lang='lat' dir='ltr'>PAPARL&#39;M</span> <span class='ocrx_word' id='word_1_3' title='bbox 881 186 1265 211; x_wconf 79' lang='lat' dir='ltr'>AVENIONENSIUM</span> <span class='ocrx_word' id='word_1_4' title='bbox 1723 169 1802 210; x_wconf 84' lang='lat'>155</span> 
     </span>
    </p>
   </div>
   <div class='ocr_carea' id='block_1_2' title="bbox 79 267 1798 2380">
    <p class='ocr_par' dir='ltr' id='par_1_2' title="bbox 88 267 1798 907">
     <span class='ocr_line' id='line_1_2' title="bbox 92 267 1796 317; baseline -0.001 -11"><span class='ocrx_word' id='word_1_5' title='bbox 92 269 190 306; x_wconf 90' lang='lat' dir='ltr'>dum</span> <span class='ocrx_word' id='word_1_6' title='bbox 216 268 265 306; x_wconf 88' lang='lat' dir='ltr'>de</span> <span class='ocrx_word' id='word_1_7' title='bbox 293 268 528 314; x_wconf 87' lang='lat' dir='ltr'>Castaneto,</span> <span class='ocrx_word' id='word_1_8' title='bbox 556 267 626 316; x_wconf 88' lang='lat' dir='ltr'>qui</span> <span class='ocrx_word' id='word_1_9' title='bbox 653 267 716 305; x_wconf 89' lang='lat' dir='ltr'>die</span> <span class='ocrx_word' id='word_1_10' title='bbox 743 276 909 305; x_wconf 89' lang='lat' dir='ltr'>tantum</span> <span class='ocrx_word' id='word_1_11' title='bbox 937 283 1009 305; x_wconf 80' lang='lat' dir='ltr'>xlv</span> <span class='ocrx_word' id='word_1_12' title='bbox 1035 268 1199 317; x_wconf 84' lang='lat' dir='ltr'>augusti</span> <span class='ocrx_word' id='word_1_13' title='bbox 1226 268 1322 306; x_wconf 90' lang='lat' dir='ltr'>anni</span> <span class='ocrx_word' id='word_1_14' title='bbox 1348 267 1453 306; x_wconf 89' lang='lat' dir='ltr'>illius</span> <span class='ocrx_word' id='word_1_15' title='bbox 1481 268 1688 305; x_wconf 87' lang='lat' dir='ltr'>extinctus</span> <span class='ocrx_word' id='word_1_16' title='bbox 1723 275 1796 305; x_wconf 90' lang='lat' dir='ltr'>est.</span> 
     </span>
     <span class='ocr_line' id='line_1_3' title="bbox 92 325 1798 376; baseline -0.001 -11"><span class='ocrx_word' id='word_1_17' title='bbox 92 327 306 365; x_wconf 88' lang='lat' dir='ltr'>Praeterea</span> <span class='ocrx_word' id='word_1_18' title='bbox 334 325 601 376; x_wconf 86' lang='lat' dir='ltr'>Berengarius</span> <span class='ocrx_word' id='word_1_19' title='bbox 632 326 793 376; x_wconf 83' lang='lat' dir='ltr'>scripsit</span> <span class='ocrx_word' id='word_1_20' title='bbox 822 341 929 364; x_wconf 88' lang='lat' dir='ltr'>anno</span> <span class='ocrx_word' id='word_1_21' title='bbox 960 327 1207 365; x_wconf 86' lang='lat' dir='ltr'>MCCCXIX</span> <span class='ocrx_word' id='word_1_22' title='bbox 1237 327 1285 365; x_wconf 89' lang='lat' dir='ltr'>de</span> <span class='ocrx_word' id='word_1_23' title='bbox 1315 341 1481 376; x_wconf 91' lang='lat' dir='ltr'>corpore</span> <span class='ocrx_word' id='word_1_24' title='bbox 1512 326 1718 364; x_wconf 84' lang='lat' dir='ltr'>Michaelis</span> <span class='ocrx_word' id='word_1_25' title='bbox 1749 326 1798 364; x_wconf 93' lang='lat' dir='ltr'>de</span> 
     </span>
     <span class='ocr_line' id='line_1_4' title="bbox 89 384 1797 435; baseline -0.002 -11"><span class='ocrx_word' id='word_1_26' title='bbox 89 386 232 433; x_wconf 85' lang='lat' dir='ltr'>Becco,</span> <span class='ocrx_word' id='word_1_27' title='bbox 253 385 315 423; x_wconf 89' lang='lat' dir='ltr'>uti</span> <span class='ocrx_word' id='word_1_28' title='bbox 333 385 419 435; x_wconf 86' lang='lat' dir='ltr'>jam</span> <span class='ocrx_word' id='word_1_29' title='bbox 439 384 630 423; x_wconf 90' lang='lat' dir='ltr'>vidimus.</span> <span class='ocrx_word' id='word_1_30' title='bbox 654 385 758 422; x_wconf 88' lang='lat' dir='ltr'>Turn</span> <span class='ocrx_word' id='word_1_31' title='bbox 778 400 885 423; x_wconf 88' lang='lat' dir='ltr'>anno</span> <span class='ocrx_word' id='word_1_32' title='bbox 907 386 1152 423; x_wconf 81' lang='lat' dir='ltr'>MCCCXXI</span> <span class='ocrx_word' id='word_1_33' title='bbox 1175 386 1429 424; x_wconf 88' lang='lat' dir='ltr'>consecravit</span> <span class='ocrx_word' id='word_1_34' title='bbox 1452 385 1675 423; x_wconf 92' lang='lat' dir='ltr'>Henricum</span> <span class='ocrx_word' id='word_1_35' title='bbox 1696 384 1797 434; x_wconf 88' lang='lat' dir='ltr'>epis-</span> 
     </span>
     <span class='ocr_line' id='line_1_5' title="bbox 91 444 1797 495; baseline -0.002 -12"><span class='ocrx_word' id='word_1_36' title='bbox 91 459 239 495; x_wconf 85' lang='lat' dir='ltr'>copum</span> <span class='ocrx_word' id='word_1_37' title='bbox 261 444 564 493; x_wconf 83' lang='lat' dir='ltr'>Kijoviensem3</span> <span class='ocrx_word' id='word_1_38' title='bbox 592 444 732 490; x_wconf 67' lang='lat' dir='ltr'>Bzov„</span> <span class='ocrx_word' id='word_1_39' title='bbox 756 460 819 483; x_wconf 89' lang='lat' dir='ltr'>an.</span> <span class='ocrx_word' id='word_1_40' title='bbox 839 444 951 491; x_wconf 87' lang='grc'>1321,</span> <span class='ocrx_word' id='word_1_41' title='bbox 981 445 997 493; x_wconf 62' lang='grc' dir='ltr'>ἓ</span> <span class='ocrx_word' id='word_1_42' title='bbox 1031 444 1090 482; x_wconf 85' lang='grc'>12.</span> <span class='ocrx_word' id='word_1_43' title='bbox 1115 444 1299 494; x_wconf 90' lang='lat' dir='ltr'>Denique</span> <span class='ocrx_word' id='word_1_44' title='bbox 1323 459 1402 483; x_wconf 91' lang='lat' dir='ltr'>non</span> <span class='ocrx_word' id='word_1_45' title='bbox 1434 444 1555 482; x_wconf 89' lang='lat' dir='ltr'>fuisse</span> <span class='ocrx_word' id='word_1_46' title='bbox 1587 451 1797 481; x_wconf 87' lang='lat' dir='ltr'>mortuum</span> 
     </span>
     <span class='ocr_line' id='line_1_6' title="bbox 91 502 1797 553; baseline 0 -13"><span class='ocrx_word' id='word_1_47' title='bbox 91 503 208 541; x_wconf 92' lang='lat' dir='ltr'>vidus</span> <span class='ocrx_word' id='word_1_48' title='bbox 241 503 329 553; x_wconf 84' lang='lat'>[11]</span> <span class='ocrx_word' id='word_1_49' title='bbox 352 503 443 553; x_wconf 85' lang='lat' dir='ltr'>julii</span> <span class='ocrx_word' id='word_1_50' title='bbox 480 503 664 552; x_wconf 85' lang='lat' dir='ltr'>ejusdem</span> <span class='ocrx_word' id='word_1_51' title='bbox 680 503 775 540; x_wconf 92' lang='lat' dir='ltr'>anni</span> <span class='ocrx_word' id='word_1_52' title='bbox 797 503 926 552; x_wconf 86' lang='lat' dir='ltr'>liquet</span> <span class='ocrx_word' id='word_1_53' title='bbox 942 518 991 541; x_wconf 83' lang='lat' dir='ltr'>ex</span> <span class='ocrx_word' id='word_1_54' title='bbox 1012 504 1122 541; x_wconf 90' lang='lat' dir='ltr'>bulla</span> <span class='ocrx_word' id='word_1_55' title='bbox 1145 504 1315 541; x_wconf 87' lang='lat' dir='ltr'>Joannis</span> <span class='ocrx_word' id='word_1_56' title='bbox 1332 504 1459 540; x_wconf 77' lang='lat' dir='ltr'>XXII</span> <span class='ocrx_word' id='word_1_57' title='bbox 1476 503 1524 541; x_wconf 90' lang='lat' dir='ltr'>de</span> <span class='ocrx_word' id='word_1_58' title='bbox 1541 502 1797 540; x_wconf 88' lang='lat' dir='ltr'>ordinatione</span> 
     </span>
     <span class='ocr_line' id='line_1_7' title="bbox 90 561 1797 612; baseline -0.001 -11"><span class='ocrx_word' id='word_1_59' title='bbox 90 562 242 612; x_wconf 85' lang='lat' dir='ltr'>negotii</span> <span class='ocrx_word' id='word_1_60' title='bbox 303 561 554 600; x_wconf 84' lang='lat' dir='ltr'>vicecomitis</span> <span class='ocrx_word' id='word_1_61' title='bbox 608 562 852 599; x_wconf 89' lang='lat' dir='ltr'>Leomaniae</span> <span class='ocrx_word' id='word_1_62' title='bbox 914 570 955 600; x_wconf 91' lang='lat' dir='ltr'>et</span> <span class='ocrx_word' id='word_1_63' title='bbox 1006 562 1246 600; x_wconf 86' lang='lat' dir='ltr'>Altivillaris</span> <span class='ocrx_word' id='word_1_64' title='bbox 1267 564 1291 601; x_wconf 79' lang='lat'>¹.</span> <span class='ocrx_word' id='word_1_65' title='bbox 1352 562 1466 600; x_wconf 86' lang='lat' dir='ltr'>Obiit</span> <span class='ocrx_word' id='word_1_66' title='bbox 1516 576 1608 611; x_wconf 84' lang='lat' dir='ltr'>ergo</span> <span class='ocrx_word' id='word_1_67' title='bbox 1629 563 1641 585; x_wconf 74' lang='lat'>2</span> <span class='ocrx_word' id='word_1_68' title='bbox 1694 561 1797 599; x_wconf 86' lang='lat' dir='ltr'>circa</span> 
     </span>
     <span class='ocr_line' id='line_1_8' title="bbox 88 615 1796 670; baseline -0.001 -11"><span class='ocrx_word' id='word_1_69' title='bbox 88 615 153 660; x_wconf 84' lang='lat' dir='ltr'>an.</span> <span class='ocrx_word' id='word_1_70' title='bbox 188 621 482 659; x_wconf 87' lang='lat' dir='ltr'>MCCCXXIII</span> <span class='ocrx_word' id='word_1_71' title='bbox 515 635 607 658; x_wconf 91' lang='lat' dir='ltr'>cum</span> <span class='ocrx_word' id='word_1_72' title='bbox 640 635 685 658; x_wconf 88' lang='lat' dir='ltr'>eo</span> <span class='ocrx_word' id='word_1_73' title='bbox 719 635 825 658; x_wconf 89' lang='lat' dir='ltr'>anno</span> <span class='ocrx_word' id='word_1_74' title='bbox 858 629 1129 668; x_wconf 86' lang='lat' dir='ltr'>recenseatur,</span> <span class='ocrx_word' id='word_1_75' title='bbox 1163 630 1210 659; x_wconf 90' lang='lat' dir='ltr'>ut</span> <span class='ocrx_word' id='word_1_76' title='bbox 1241 622 1300 660; x_wconf 88' lang='lat' dir='ltr'>ait</span> <span class='ocrx_word' id='word_1_77' title='bbox 1333 621 1586 659; x_wconf 88' lang='lat' dir='ltr'>Contelorius</span> <span class='ocrx_word' id='word_1_78' title='bbox 1620 621 1673 670; x_wconf 85' lang='lat' dir='ltr'>[p.</span> <span class='ocrx_word' id='word_1_79' title='bbox 1708 620 1796 670; x_wconf 84' lang='lat'>29],</span> 
     </span>
     <span class='ocr_line' id='line_1_9' title="bbox 88 679 1796 730; baseline -0.001 -13"><span class='ocrx_word' id='word_1_80' title='bbox 88 680 195 718; x_wconf 90' lang='lat' dir='ltr'>inter</span> <span class='ocrx_word' id='word_1_81' title='bbox 225 680 449 718; x_wconf 83' lang='lat' dir='ltr'>cardinales</span> <span class='ocrx_word' id='word_1_82' title='bbox 481 679 696 717; x_wconf 85' lang='lat' dir='ltr'>defunctos</span> <span class='ocrx_word' id='word_1_83' title='bbox 727 694 809 717; x_wconf 88' lang='lat' dir='ltr'>non</span> <span class='ocrx_word' id='word_1_84' title='bbox 828 680 1138 730; x_wconf 83' lang='lat' dir='ltr'>participantes.</span> <span class='ocrx_word' id='word_1_85' title='bbox 1164 681 1417 730; x_wconf 83' lang='lat' dir='ltr'>Augustinus</span> <span class='ocrx_word' id='word_1_86' title='bbox 1444 688 1584 717; x_wconf 88' lang='lat' dir='ltr'>tamen</span> <span class='ocrx_word' id='word_1_87' title='bbox 1600 679 1796 717; x_wconf 91' lang='lat' dir='ltr'>Oldoinus</span> 
     </span>
     <span class='ocr_line' id='line_1_10' title="bbox 100 738 1797 789; baseline -0.001 -12"><span class='ocrx_word' id='word_1_88' title='bbox 100 739 144 789; x_wconf 80' lang='lat' dir='ltr'>[t.</span> <span class='ocrx_word' id='word_1_89' title='bbox 175 754 216 786; x_wconf 90' lang='lat'>11,</span> <span class='ocrx_word' id='word_1_90' title='bbox 247 754 285 789; x_wconf 91' lang='lat' dir='ltr'>p.</span> <span class='ocrx_word' id='word_1_91' title='bbox 318 738 417 788; x_wconf 80' lang='lat'>387]</span> <span class='ocrx_word' id='word_1_92' title='bbox 445 738 586 776; x_wconf 82' lang='lat' dir='ltr'>scribit</span> <span class='ocrx_word' id='word_1_93' title='bbox 610 739 717 775; x_wconf 91' lang='lat' dir='ltr'>hunc</span> <span class='ocrx_word' id='word_1_94' title='bbox 735 739 982 777; x_wconf 83' lang='lat' dir='ltr'>cardinalem</span> <span class='ocrx_word' id='word_1_95' title='bbox 1007 747 1284 789; x_wconf 86' lang='lat' dir='ltr'>patruumque</span> <span class='ocrx_word' id='word_1_96' title='bbox 1301 739 1387 788; x_wconf 86' lang='lat' dir='ltr'>ejus</span> <span class='ocrx_word' id='word_1_97' title='bbox 1404 739 1564 788; x_wconf 85' lang='lat' dir='ltr'>utijam</span> <span class='ocrx_word' id='word_1_98' title='bbox 1582 738 1797 776; x_wconf 90' lang='lat' dir='ltr'>defunctos</span> 
     </span>
     <span class='ocr_line' id='line_1_11' title="bbox 88 797 1796 848; baseline -0.001 -12"><span class='ocrx_word' id='word_1_99' title='bbox 88 797 285 836; x_wconf 86' lang='lat' dir='ltr'>recenseri</span> <span class='ocrx_word' id='word_1_100' title='bbox 311 798 418 836; x_wconf 91' lang='lat' dir='ltr'>inter</span> <span class='ocrx_word' id='word_1_101' title='bbox 446 798 670 836; x_wconf 86' lang='lat' dir='ltr'>cardinales</span> <span class='ocrx_word' id='word_1_102' title='bbox 699 798 747 835; x_wconf 88' lang='lat' dir='ltr'>de</span> <span class='ocrx_word' id='word_1_103' title='bbox 776 798 1061 835; x_wconf 89' lang='lat' dir='ltr'>communibus</span> <span class='ocrx_word' id='word_1_104' title='bbox 1090 798 1265 836; x_wconf 84' lang='lat' dir='ltr'>servitiis</span> <span class='ocrx_word' id='word_1_105' title='bbox 1294 798 1589 848; x_wconf 84' lang='lat' dir='ltr'>participantes</span> <span class='ocrx_word' id='word_1_106' title='bbox 1617 797 1660 835; x_wconf 90' lang='lat' dir='ltr'>in</span> <span class='ocrx_word' id='word_1_107' title='bbox 1686 797 1796 834; x_wconf 91' lang='lat' dir='ltr'>bulla</span> 
     </span>
     <span class='ocr_line' id='line_1_12' title="bbox 89 857 1380 907; baseline 0 -12"><span class='ocrx_word' id='word_1_108' title='bbox 89 857 259 895; x_wconf 87' lang='lat' dir='ltr'>Joannis</span> <span class='ocrx_word' id='word_1_109' title='bbox 280 857 423 904; x_wconf 88' lang='lat' dir='ltr'>XXII,</span> <span class='ocrx_word' id='word_1_110' title='bbox 443 857 542 894; x_wconf 88' lang='lat' dir='ltr'>data</span> <span class='ocrx_word' id='word_1_111' title='bbox 561 871 632 893; x_wconf 85' lang='lat' dir='ltr'>xm</span> <span class='ocrx_word' id='word_1_112' title='bbox 652 857 730 895; x_wconf 87' lang='lat' dir='ltr'>kal.</span> <span class='ocrx_word' id='word_1_113' title='bbox 749 857 853 906; x_wconf 86' lang='lat' dir='ltr'>julii,</span> <span class='ocrx_word' id='word_1_114' title='bbox 873 871 979 894; x_wconf 93' lang='lat' dir='ltr'>anno</span> <span class='ocrx_word' id='word_1_115' title='bbox 997 872 1023 894; x_wconf 92' lang='lat'>11</span> <span class='ocrx_word' id='word_1_116' title='bbox 1052 857 1117 907; x_wconf 83' lang='lat'>[19</span> <span class='ocrx_word' id='word_1_117' title='bbox 1133 857 1222 906; x_wconf 88' lang='lat' dir='ltr'>juin</span> <span class='ocrx_word' id='word_1_118' title='bbox 1242 857 1380 907; x_wconf 59' lang='lat'>1318}</span> 
     </span>
    </p>

    <p class='ocr_par' dir='ltr' id='par_1_3' title="bbox 82 915 1795 1676">
     <span class='ocr_line' id='line_1_13' title="bbox 140 915 1795 965; baseline -0.001 -12"><span class='ocrx_word' id='word_1_119' title='bbox 140 916 182 954; x_wconf 92' lang='lat' dir='ltr'>P.</span> <span class='ocrx_word' id='word_1_120' title='bbox 209 916 270 963; x_wconf 85' lang='lat'>74,</span> <span class='ocrx_word' id='word_1_121' title='bbox 294 916 360 965; x_wconf 83' lang='lat' dir='ltr'>lig.</span> <span class='ocrx_word' id='word_1_122' title='bbox 386 915 446 954; x_wconf 83' lang='lat'>23.</span> <span class='ocrx_word' id='word_1_123' title='bbox 473 916 712 953; x_wconf 72' lang='lat' dir='ltr'>ARNALDus</span> <span class='ocrx_word' id='word_1_124' title='bbox 738 930 792 952; x_wconf 87' lang='lat' dir='ltr'>DE</span> <span class='ocrx_word' id='word_1_125' title='bbox 818 916 971 954; x_wconf 67' lang='lat' dir='ltr'>Ammo.</span> <span class='ocrx_word' id='word_1_126' title='bbox 999 917 1143 954; x_wconf 84' lang='lat' dir='ltr'>Petrus</span> <span class='ocrx_word' id='word_1_127' title='bbox 1169 916 1391 962; x_wconf 83' lang='lat' dir='ltr'>Frizonius,</span> <span class='ocrx_word' id='word_1_128' title='bbox 1417 930 1538 965; x_wconf 87' lang='lat' dir='ltr'>quem</span> <span class='ocrx_word' id='word_1_129' title='bbox 1562 915 1629 952; x_wconf 89' lang='lat' dir='ltr'>alii</span> <span class='ocrx_word' id='word_1_130' title='bbox 1652 922 1795 964; x_wconf 90' lang='lat' dir='ltr'>postea</span> 
     </span>
     <span class='ocr_line' id='line_1_14' title="bbox 86 973 1795 1024; baseline -0.002 -11"><span class='ocrx_word' id='word_1_131' title='bbox 86 975 215 1013; x_wconf 81' lang='lat' dir='ltr'>secuti</span> <span class='ocrx_word' id='word_1_132' title='bbox 238 983 347 1023; x_wconf 90' lang='lat' dir='ltr'>sunt,</span> <span class='ocrx_word' id='word_1_133' title='bbox 373 975 513 1013; x_wconf 85' lang='lat' dir='ltr'>scribit</span> <span class='ocrx_word' id='word_1_134' title='bbox 535 975 578 1012; x_wconf 91' lang='lat' dir='ltr'>in</span> <span class='ocrx_word' id='word_1_135' title='bbox 607 974 739 1012; x_wconf 78' lang='lat' dir='ltr'>Gallia</span> <span class='ocrx_word' id='word_1_136' title='bbox 761 983 997 1024; x_wconf 68' lang='lat' dir='ltr'>purpurata,</span> <span class='ocrx_word' id='word_1_137' title='bbox 1022 990 1060 1024; x_wconf 89' lang='lat' dir='ltr'>p.</span> <span class='ocrx_word' id='word_1_138' title='bbox 1087 975 1174 1022; x_wconf 75' lang='lat'>282,</span> <span class='ocrx_word' id='word_1_139' title='bbox 1199 975 1313 1012; x_wconf 89' lang='lat' dir='ltr'>illum</span> <span class='ocrx_word' id='word_1_140' title='bbox 1343 975 1384 1012; x_wconf 92' lang='lat' dir='ltr'>in</span> <span class='ocrx_word' id='word_1_141' title='bbox 1405 976 1538 1022; x_wconf 89' lang='lat' dir='ltr'>lucem</span> <span class='ocrx_word' id='word_1_142' title='bbox 1574 974 1730 1011; x_wconf 89' lang='lat' dir='ltr'>editum</span> <span class='ocrx_word' id='word_1_143' title='bbox 1754 973 1795 1010; x_wconf 93' lang='lat' dir='ltr'>in</span> 
     </span>
     <span class='ocr_line' id='line_1_15' title="bbox 86 1034 1794 1084; baseline -0.001 -13"><span class='ocrx_word' id='word_1_144' title='bbox 86 1048 192 1084; x_wconf 87' lang='lat' dir='ltr'>pago</span> <span class='ocrx_word' id='word_1_145' title='bbox 217 1034 445 1072; x_wconf 88' lang='lat' dir='ltr'>dioeceseos</span> <span class='ocrx_word' id='word_1_146' title='bbox 473 1034 780 1072; x_wconf 87' lang='lat' dir='ltr'>Condomiensis</span> <span class='ocrx_word' id='word_1_147' title='bbox 808 1042 955 1071; x_wconf 68' lang='lat' dir='ltr'>vocato</span> <span class='ocrx_word' id='word_1_148' title='bbox 983 1035 1132 1081; x_wconf 51' lang='lat' dir='ltr'>cll-lux,</span> <span class='ocrx_word' id='word_1_149' title='bbox 1160 1035 1268 1072; x_wconf 93' lang='lat' dir='ltr'>unde</span> <span class='ocrx_word' id='word_1_150' title='bbox 1295 1048 1445 1072; x_wconf 90' lang='lat' dir='ltr'>nomen</span> <span class='ocrx_word' id='word_1_151' title='bbox 1470 1048 1588 1071; x_wconf 88' lang='lat' dir='ltr'>suum</span> <span class='ocrx_word' id='word_1_152' title='bbox 1615 1041 1677 1070; x_wconf 90' lang='lat' dir='ltr'>est</span> <span class='ocrx_word' id='word_1_153' title='bbox 1712 1047 1794 1070; x_wconf 91' lang='lat' dir='ltr'>sor-</span> 
     </span>
     <span class='ocr_line' id='line_1_16' title="bbox 86 1091 1790 1138; baseline -0.001 -8"><span class='ocrx_word' id='word_1_154' title='bbox 86 1093 200 1131; x_wconf 89' lang='lat' dir='ltr'>titus.</span> <span class='ocrx_word' id='word_1_155' title='bbox 239 1093 452 1131; x_wconf 85' lang='lat' dir='ltr'>Assentior</span> <span class='ocrx_word' id='word_1_156' title='bbox 488 1107 584 1130; x_wconf 91' lang='lat' dir='ltr'>sane</span> <span class='ocrx_word' id='word_1_157' title='bbox 621 1092 654 1130; x_wconf 89' lang='lat' dir='ltr'>ei</span> <span class='ocrx_word' id='word_1_158' title='bbox 693 1093 887 1130; x_wconf 86' lang='lat' dir='ltr'>scribenti</span> <span class='ocrx_word' id='word_1_159' title='bbox 925 1101 1060 1130; x_wconf 85' lang='lat' dir='ltr'>ortum</span> <span class='ocrx_word' id='word_1_160' title='bbox 1098 1108 1181 1131; x_wconf 88' lang='lat' dir='ltr'>esse</span> <span class='ocrx_word' id='word_1_161' title='bbox 1219 1108 1238 1131; x_wconf 92' lang='lat' dir='ltr'>e</span> <span class='ocrx_word' id='word_1_162' title='bbox 1276 1093 1447 1130; x_wconf 86' lang='lat' dir='ltr'>dioecesi</span> <span class='ocrx_word' id='word_1_163' title='bbox 1485 1091 1790 1138; x_wconf 80' lang='lat' dir='ltr'>Condomiensi3</span> 
     </span>
     <span class='ocr_line' id='line_1_17' title="bbox 86 1151 1790 1202; baseline -0.002 -12"><span class='ocrx_word' id='word_1_164' title='bbox 86 1152 156 1190; x_wconf 88' lang='lat' dir='ltr'>sed</span> <span class='ocrx_word' id='word_1_165' title='bbox 191 1166 242 1190; x_wconf 84' lang='lat' dir='ltr'>ex</span> <span class='ocrx_word' id='word_1_166' title='bbox 272 1166 379 1202; x_wconf 88' lang='lat' dir='ltr'>pago</span> <span class='ocrx_word' id='word_1_167' title='bbox 414 1152 552 1189; x_wconf 72' lang='lat' dir='ltr'>d’Aux</span> <span class='ocrx_word' id='word_1_168' title='bbox 586 1160 721 1189; x_wconf 87' lang='lat' dir='ltr'>ortum</span> <span class='ocrx_word' id='word_1_169' title='bbox 757 1152 949 1189; x_wconf 82' lang='lat' dir='ltr'>scribenti</span> <span class='ocrx_word' id='word_1_170' title='bbox 984 1154 1137 1201; x_wconf 83' lang='lat' dir='ltr'>absque</span> <span class='ocrx_word' id='word_1_171' title='bbox 1172 1152 1260 1190; x_wconf 89' lang='lat' dir='ltr'>aliis</span> <span class='ocrx_word' id='word_1_172' title='bbox 1294 1151 1539 1190; x_wconf 88' lang='lat' dir='ltr'>testimoniis</span> <span class='ocrx_word' id='word_1_173' title='bbox 1574 1165 1656 1188; x_wconf 89' lang='lat' dir='ltr'>non</span> <span class='ocrx_word' id='word_1_174' title='bbox 1688 1158 1790 1200; x_wconf 93' lang='lat' dir='ltr'>puto</span> 
     </span>
     <span class='ocr_line' id='line_1_18' title="bbox 86 1209 1791 1260; baseline -0.001 -12"><span class='ocrx_word' id='word_1_175' title='bbox 86 1211 231 1249; x_wconf 87' lang='lat' dir='ltr'>debere</span> <span class='ocrx_word' id='word_1_176' title='bbox 262 1225 325 1249; x_wconf 91' lang='lat' dir='ltr'>me</span> <span class='ocrx_word' id='word_1_177' title='bbox 357 1211 530 1249; x_wconf 86' lang='lat' dir='ltr'>credere.</span> <span class='ocrx_word' id='word_1_178' title='bbox 557 1211 730 1248; x_wconf 87' lang='lat' dir='ltr'>Facilius</span> <span class='ocrx_word' id='word_1_179' title='bbox 762 1211 1085 1249; x_wconf 83' lang='lat' dir='ltr'>existimaverim</span> <span class='ocrx_word' id='word_1_180' title='bbox 1105 1219 1249 1249; x_wconf 88' lang='lat' dir='ltr'>natum</span> <span class='ocrx_word' id='word_1_181' title='bbox 1274 1211 1314 1248; x_wconf 93' lang='lat' dir='ltr'>in</span> <span class='ocrx_word' id='word_1_182' title='bbox 1346 1211 1496 1260; x_wconf 91' lang='lat' dir='ltr'>oppido</span> <span class='ocrx_word' id='word_1_183' title='bbox 1520 1210 1658 1248; x_wconf 86' lang='lat' dir='ltr'>Sancti</span> <span class='ocrx_word' id='word_1_184' title='bbox 1682 1209 1791 1247; x_wconf 88' lang='lat' dir='ltr'>Petri</span> 
     </span>
     <span class='ocr_line' id='line_1_19' title="bbox 85 1268 1791 1320; baseline -0.002 -12"><span class='ocrx_word' id='word_1_185' title='bbox 85 1270 134 1308; x_wconf 88' lang='lat' dir='ltr'>de</span> <span class='ocrx_word' id='word_1_186' title='bbox 158 1270 356 1317; x_wconf 82' lang='lat' dir='ltr'>Romevo,</span> <span class='ocrx_word' id='word_1_187' title='bbox 379 1269 503 1320; x_wconf 87' lang='lat' dir='ltr'>vulgo</span> <span class='ocrx_word' id='word_1_188' title='bbox 523 1270 643 1307; x_wconf 87' lang='lat' dir='ltr'>hodie</span> <span class='ocrx_word' id='word_1_189' title='bbox 665 1270 709 1306; x_wconf 80' lang='lat' dir='ltr'>de</span> <span class='ocrx_word' id='word_1_190' title='bbox 730 1270 768 1307; x_wconf 74' lang='lat' dir='ltr'>la</span> <span class='ocrx_word' id='word_1_191' title='bbox 789 1270 969 1317; x_wconf 69' lang='lat' dir='ltr'>Romicu,</span> <span class='ocrx_word' id='word_1_192' title='bbox 992 1271 1068 1317; x_wconf 84' lang='lat' dir='ltr'>vel,</span> <span class='ocrx_word' id='word_1_193' title='bbox 1086 1278 1132 1307; x_wconf 88' lang='lat' dir='ltr'>ut</span> <span class='ocrx_word' id='word_1_194' title='bbox 1152 1270 1307 1307; x_wconf 85' lang='lat' dir='ltr'>incolae</span> <span class='ocrx_word' id='word_1_195' title='bbox 1330 1270 1527 1316; x_wconf 89' lang='lat' dir='ltr'>scribunt,</span> <span class='ocrx_word' id='word_1_196' title='bbox 1545 1268 1791 1315; x_wconf 62' lang='lat' dir='ltr'>Lmromimc,</span> 
     </span>
     <span class='ocr_line' id='line_1_20' title="bbox 85 1327 1791 1379; baseline -0.001 -13"><span class='ocrx_word' id='word_1_197' title='bbox 85 1329 196 1367; x_wconf 92' lang='lat' dir='ltr'>haud</span> <span class='ocrx_word' id='word_1_198' title='bbox 218 1330 360 1379; x_wconf 89' lang='lat' dir='ltr'>procul</span> <span class='ocrx_word' id='word_1_199' title='bbox 383 1329 434 1367; x_wconf 91' lang='lat' dir='ltr'>ab</span> <span class='ocrx_word' id='word_1_200' title='bbox 458 1329 557 1367; x_wconf 87' lang='lat' dir='ltr'>urbe</span> <span class='ocrx_word' id='word_1_201' title='bbox 581 1329 881 1367; x_wconf 88' lang='lat' dir='ltr'>Condomiensi.</span> <span class='ocrx_word' id='word_1_202' title='bbox 909 1329 1066 1379; x_wconf 86' lang='lat' dir='ltr'>Quippe</span> <span class='ocrx_word' id='word_1_203' title='bbox 1090 1329 1174 1379; x_wconf 88' lang='lat' dir='ltr'>ipse</span> <span class='ocrx_word' id='word_1_204' title='bbox 1198 1329 1277 1367; x_wconf 89' lang='lat' dir='ltr'>illic</span> <span class='ocrx_word' id='word_1_205' title='bbox 1301 1329 1511 1367; x_wconf 88' lang='lat' dir='ltr'>ecclesiam</span> <span class='ocrx_word' id='word_1_206' title='bbox 1535 1327 1791 1376; x_wconf 81' lang='lat' dir='ltr'>collegiatam</span> 
     </span>
     <span class='ocr_line' id='line_1_21' title="bbox 85 1385 1789 1437; baseline -0.002 -12"><span class='ocrx_word' id='word_1_207' title='bbox 85 1388 317 1426; x_wconf 86' lang='lat' dir='ltr'>construxit</span> <span class='ocrx_word' id='word_1_208' title='bbox 343 1388 385 1426; x_wconf 88' lang='lat' dir='ltr'>in</span> <span class='ocrx_word' id='word_1_209' title='bbox 411 1389 563 1426; x_wconf 91' lang='lat' dir='ltr'>honore</span> <span class='ocrx_word' id='word_1_210' title='bbox 591 1388 722 1426; x_wconf 88' lang='lat' dir='ltr'>sancti</span> <span class='ocrx_word' id='word_1_211' title='bbox 752 1389 874 1433; x_wconf 86' lang='lat' dir='ltr'>Petri,</span> <span class='ocrx_word' id='word_1_212' title='bbox 904 1402 1027 1437; x_wconf 86' lang='lat' dir='ltr'>quam</span> <span class='ocrx_word' id='word_1_213' title='bbox 1055 1403 1094 1426; x_wconf 90' lang='lat' dir='ltr'>se</span> <span class='ocrx_word' id='word_1_214' title='bbox 1123 1396 1301 1426; x_wconf 87' lang='lat' dir='ltr'>testatur</span> <span class='ocrx_word' id='word_1_215' title='bbox 1329 1387 1565 1425; x_wconf 84' lang='lat' dir='ltr'>fundavisse</span> <span class='ocrx_word' id='word_1_216' title='bbox 1594 1387 1636 1423; x_wconf 83' lang='lat' dir='ltr'>in</span> <span class='ocrx_word' id='word_1_217' title='bbox 1667 1385 1789 1435; x_wconf 79' lang='lat' dir='ltr'>patri-</span> 
     </span>
     <span class='ocr_line' id='line_1_22' title="bbox 85 1445 1789 1498; baseline -0.002 -14"><span class='ocrx_word' id='word_1_218' title='bbox 85 1447 216 1484; x_wconf 82' lang='lat' dir='ltr'>monio</span> <span class='ocrx_word' id='word_1_219' title='bbox 235 1462 306 1484; x_wconf 75' lang='lat' dir='ltr'>suo</span> <span class='ocrx_word' id='word_1_220' title='bbox 328 1447 370 1484; x_wconf 79' lang='lat' dir='ltr'>in</span> <span class='ocrx_word' id='word_1_221' title='bbox 393 1447 487 1484; x_wconf 68' lang='lat' dir='ltr'>villa</span> <span class='ocrx_word' id='word_1_222' title='bbox 507 1448 551 1484; x_wconf 82' lang='lat' dir='ltr'>de</span> <span class='ocrx_word' id='word_1_223' title='bbox 571 1447 751 1493; x_wconf 74' lang='lat' dir='ltr'>Romevo,</span> <span class='ocrx_word' id='word_1_224' title='bbox 774 1462 843 1485; x_wconf 88' lang='lat' dir='ltr'>seu</span> <span class='ocrx_word' id='word_1_225' title='bbox 865 1450 908 1485; x_wconf 73' lang='lat' dir='ltr'>de</span> <span class='ocrx_word' id='word_1_226' title='bbox 934 1450 1046 1486; x_wconf 65' lang='lat' dir='ltr'>rebus</span> <span class='ocrx_word' id='word_1_227' title='bbox 1082 1449 1169 1486; x_wconf 66' lang='lat' dir='ltr'>suis</span> <span class='ocrx_word' id='word_1_228' title='bbox 1201 1448 1550 1498; x_wconf 67' lang='lat' dir='ltr'>patrimonialihus</span> <span class='ocrx_word' id='word_1_229' title='bbox 1574 1453 1620 1482; x_wconf 93' lang='lat' dir='ltr'>ut</span> <span class='ocrx_word' id='word_1_230' title='bbox 1641 1445 1789 1482; x_wconf 90' lang='lat' dir='ltr'>docent</span> 
     </span>
     <span class='ocr_line' id='line_1_23' title="bbox 84 1503 1788 1556; baseline -0.002 -13"><span class='ocrx_word' id='word_1_231' title='bbox 84 1506 224 1545; x_wconf 86' lang='lat' dir='ltr'>literae</span> <span class='ocrx_word' id='word_1_232' title='bbox 257 1506 440 1544; x_wconf 87' lang='lat' dir='ltr'>Eduardi</span> <span class='ocrx_word' id='word_1_233' title='bbox 475 1506 514 1544; x_wconf 93' lang='grc' dir='ltr'>ΙΙ</span> <span class='ocrx_word' id='word_1_234' title='bbox 546 1507 647 1556; x_wconf 88' lang='lat' dir='ltr'>regis</span> <span class='ocrx_word' id='word_1_235' title='bbox 681 1506 849 1556; x_wconf 84' lang='lat' dir='ltr'>Angliae</span> <span class='ocrx_word' id='word_1_236' title='bbox 882 1508 929 1545; x_wconf 88' lang='lat' dir='ltr'>de</span> <span class='ocrx_word' id='word_1_237' title='bbox 962 1506 1273 1544; x_wconf 80' lang='lat' dir='ltr'>confirmatione</span> <span class='ocrx_word' id='word_1_238' title='bbox 1305 1506 1489 1555; x_wconf 84' lang='lat' dir='ltr'>ejusdem</span> <span class='ocrx_word' id='word_1_239' title='bbox 1521 1503 1788 1551; x_wconf 78' lang='lat' dir='ltr'>fundationis,</span> 
     </span>
     <span class='ocr_line' id='line_1_24' title="bbox 84 1562 1790 1615; baseline -0.002 -13"><span class='ocrx_word' id='word_1_240' title='bbox 84 1565 205 1604; x_wconf 91' lang='lat' dir='ltr'>datae</span> <span class='ocrx_word' id='word_1_241' title='bbox 229 1565 340 1615; x_wconf 89' lang='lat' dir='ltr'>apud</span> <span class='ocrx_word' id='word_1_242' title='bbox 364 1566 601 1604; x_wconf 78' lang='lat' dir='ltr'>Windesore</span> <span class='ocrx_word' id='word_1_243' title='bbox 625 1580 732 1603; x_wconf 89' lang='lat' dir='ltr'>anno</span> <span class='ocrx_word' id='word_1_244' title='bbox 757 1566 867 1615; x_wconf 87' lang='lat' dir='ltr'>regni</span> <span class='ocrx_word' id='word_1_245' title='bbox 892 1566 971 1603; x_wconf 74' lang='lat' dir='ltr'>VII</span> <span class='ocrx_word' id='word_1_246' title='bbox 997 1566 1059 1603; x_wconf 89' lang='lat' dir='ltr'>die</span> <span class='ocrx_word' id='word_1_247' title='bbox 1085 1581 1215 1603; x_wconf 82' lang='lat' dir='ltr'>xxv111</span> <span class='ocrx_word' id='word_1_248' title='bbox 1252 1564 1442 1614; x_wconf 86' lang='lat' dir='ltr'>januarii,</span> <span class='ocrx_word' id='word_1_249' title='bbox 1469 1578 1571 1614; x_wconf 87' lang='lat' dir='ltr'>quae</span> <span class='ocrx_word' id='word_1_250' title='bbox 1605 1571 1721 1601; x_wconf 85' lang='lat' dir='ltr'>extat</span> <span class='ocrx_word' id='word_1_251' title='bbox 1749 1562 1790 1600; x_wconf 92' lang='lat' dir='ltr'>in</span> 
     </span>
     <span class='ocr_line' id='line_1_25' title="bbox 82 1624 1233 1676; baseline 0 -14"><span class='ocrx_word' id='word_1_252' title='bbox 82 1632 241 1674; x_wconf 83' lang='lat' dir='ltr'>regesto</span> <span class='ocrx_word' id='word_1_253' title='bbox 261 1639 360 1662; x_wconf 76' lang='lat' dir='ltr'>xux</span> <span class='ocrx_word' id='word_1_254' title='bbox 391 1624 480 1674; x_wconf 85' lang='lat' dir='ltr'>[JJ.</span> <span class='ocrx_word' id='word_1_255' title='bbox 502 1625 566 1676; x_wconf 76' lang='grc'>49]</span> <span class='ocrx_word' id='word_1_256' title='bbox 586 1625 741 1663; x_wconf 77' lang='lat' dir='ltr'>archivi</span> <span class='ocrx_word' id='word_1_257' title='bbox 760 1625 856 1674; x_wconf 84' lang='lat' dir='ltr'>regii</span> <span class='ocrx_word' id='word_1_258' title='bbox 878 1625 1018 1669; x_wconf 55' lang='lat' dir='ltr'>Paris„</span> <span class='ocrx_word' id='word_1_259' title='bbox 1038 1640 1124 1675; x_wconf 88' lang='lat' dir='ltr'>cap.</span> <span class='ocrx_word' id='word_1_260' title='bbox 1146 1624 1233 1662; x_wconf 84' lang='grc'>216.</span> 
     </span>
    </p>

    <p class='ocr_par' dir='ltr' id='par_1_4' title="bbox 80 1680 1790 2029">
     <span class='ocr_line' id='line_1_26' title="bbox 136 1680 1790 1734; baseline -0.002 -14"><span class='ocrx_word' id='word_1_261' title='bbox 136 1684 286 1721; x_wconf 87' lang='lat' dir='ltr'>Factus</span> <span class='ocrx_word' id='word_1_262' title='bbox 305 1691 366 1722; x_wconf 86' lang='lat' dir='ltr'>est</span> <span class='ocrx_word' id='word_1_263' title='bbox 382 1684 595 1734; x_wconf 89' lang='lat' dir='ltr'>episcopus</span> <span class='ocrx_word' id='word_1_264' title='bbox 611 1684 878 1722; x_wconf 74' lang='lat' dir='ltr'>pictaviensis</span> <span class='ocrx_word' id='word_1_265' title='bbox 895 1698 960 1723; x_wconf 89' lang='lat' dir='ltr'>an.</span> <span class='ocrx_word' id='word_1_266' title='bbox 979 1684 1174 1722; x_wconf 80' lang='lat' dir='ltr'>MCCCVI</span> <span class='ocrx_word' id='word_1_267' title='bbox 1191 1683 1206 1705; x_wconf 86' lang='lat'>3</span> <span class='ocrx_word' id='word_1_268' title='bbox 1220 1691 1314 1733; x_wconf 85' lang='lat' dir='ltr'>post</span> <span class='ocrx_word' id='word_1_269' title='bbox 1330 1690 1503 1720; x_wconf 88' lang='lat' dir='ltr'>mortem</span> <span class='ocrx_word' id='word_1_270' title='bbox 1521 1680 1674 1719; x_wconf 88' lang='lat' dir='ltr'>Galteri</span> <span class='ocrx_word' id='word_1_271' title='bbox 1689 1681 1790 1717; x_wconf 85' lang='lat' dir='ltr'>Bru-</span> 
     </span>
     <span class='ocr_line' id='line_1_27' title="bbox 82 1742 1789 1792; baseline -0.002 -12"><span class='ocrx_word' id='word_1_272' title='bbox 82 1742 225 1792; x_wconf 81' lang='lat' dir='ltr'>gensis.</span> <span class='ocrx_word' id='word_1_273' title='bbox 260 1743 379 1780; x_wconf 90' lang='lat' dir='ltr'>Anno</span> <span class='ocrx_word' id='word_1_274' title='bbox 409 1758 504 1781; x_wconf 87' lang='lat' dir='ltr'>vero</span> <span class='ocrx_word' id='word_1_275' title='bbox 540 1743 727 1792; x_wconf 85' lang='lat' dir='ltr'>sequenti</span> <span class='ocrx_word' id='word_1_276' title='bbox 763 1743 1077 1792; x_wconf 78' lang='lat' dir='ltr'>Augustoritum</span> <span class='ocrx_word' id='word_1_277' title='bbox 1113 1743 1330 1780; x_wconf 86' lang='lat' dir='ltr'>Pictonum</span> <span class='ocrx_word' id='word_1_278' title='bbox 1369 1742 1555 1779; x_wconf 78' lang='lat' dir='ltr'>invectus</span> <span class='ocrx_word' id='word_1_279' title='bbox 1598 1748 1659 1778; x_wconf 86' lang='lat' dir='ltr'>est</span> <span class='ocrx_word' id='word_1_280' title='bbox 1697 1753 1789 1776; x_wconf 88' lang='lat' dir='ltr'>curn</span> 
     </span>
     <span class='ocr_line' id='line_1_28' title="bbox 80 1799 1788 1852; baseline -0.002 -13"><span class='ocrx_word' id='word_1_281' title='bbox 80 1815 246 1851; x_wconf 86' lang='lat' dir='ltr'>pompa,</span> <span class='ocrx_word' id='word_1_282' title='bbox 274 1810 321 1839; x_wconf 89' lang='lat' dir='ltr'>ut</span> <span class='ocrx_word' id='word_1_283' title='bbox 353 1802 522 1851; x_wconf 75' lang='lat' dir='ltr'>Beslyus</span> <span class='ocrx_word' id='word_1_284' title='bbox 549 1802 690 1840; x_wconf 88' lang='lat' dir='ltr'>scribit</span> <span class='ocrx_word' id='word_1_285' title='bbox 716 1802 758 1839; x_wconf 87' lang='lat' dir='ltr'>in</span> <span class='ocrx_word' id='word_1_286' title='bbox 793 1802 980 1850; x_wconf 78' lang='lat' dir='ltr'>Catalogo</span> <span class='ocrx_word' id='word_1_287' title='bbox 1006 1802 1278 1852; x_wconf 78' lang='lat' dir='ltr'>episcoporum</span> <span class='ocrx_word' id='word_1_288' title='bbox 1306 1800 1618 1838; x_wconf 75' lang='lat' dir='ltr'>Pictaviensizcm</span> <span class='ocrx_word' id='word_1_289' title='bbox 1631 1799 1657 1837; x_wconf 71' lang='lat'>4.</span> <span class='ocrx_word' id='word_1_290' title='bbox 1686 1799 1788 1836; x_wconf 91' lang='lat' dir='ltr'>Lau-</span> 
     </span>
     <span class='ocr_line' id='line_1_29' title="bbox 81 1857 1786 1909; baseline -0.003 -10"><span class='ocrx_word' id='word_1_291' title='bbox 81 1861 236 1899; x_wconf 86' lang='lat' dir='ltr'>rentius</span> <span class='ocrx_word' id='word_1_292' title='bbox 254 1861 468 1899; x_wconf 88' lang='lat' dir='ltr'>Bochellus</span> <span class='ocrx_word' id='word_1_293' title='bbox 486 1861 528 1898; x_wconf 90' lang='lat' dir='ltr'>in</span> <span class='ocrx_word' id='word_1_294' title='bbox 546 1861 686 1899; x_wconf 79' lang='lat' dir='ltr'>Codice</span> <span class='ocrx_word' id='word_1_295' title='bbox 705 1862 939 1898; x_wconf 74' lang='lat' dir='ltr'>decretorum</span> <span class='ocrx_word' id='word_1_296' title='bbox 958 1861 1153 1898; x_wconf 73' lang='lat' dir='ltr'>Ecclesiae</span> <span class='ocrx_word' id='word_1_297' title='bbox 1177 1860 1418 1906; x_wconf 78' lang='lat' dir='ltr'>Gallicanae,</span> <span class='ocrx_word' id='word_1_298' title='bbox 1433 1874 1470 1909; x_wconf 89' lang='lat' dir='ltr'>p.</span> <span class='ocrx_word' id='word_1_299' title='bbox 1489 1859 1576 1903; x_wconf 81' lang='grc'>296,</span> <span class='ocrx_word' id='word_1_300' title='bbox 1593 1858 1681 1903; x_wconf 77' lang='grc'>872,</span> <span class='ocrx_word' id='word_1_301' title='bbox 1699 1857 1786 1904; x_wconf 82' lang='lat'>957,</span> 
     </span>
     <span class='ocr_line' id='line_1_30' title="bbox 83 1916 1787 1970; baseline -0.002 -14"><span class='ocrx_word' id='word_1_302' title='bbox 83 1919 196 1966; x_wconf 83' lang='lat'>1070,</span> <span class='ocrx_word' id='word_1_303' title='bbox 218 1919 331 1967; x_wconf 80' lang='grc'>1158,</span> <span class='ocrx_word' id='word_1_304' title='bbox 353 1920 454 1957; x_wconf 86' lang='grc'>1164</span> <span class='ocrx_word' id='word_1_305' title='bbox 471 1928 512 1958; x_wconf 84' lang='lat' dir='ltr'>et</span> <span class='ocrx_word' id='word_1_306' title='bbox 532 1920 645 1967; x_wconf 83' lang='grc'>1204,</span> <span class='ocrx_word' id='word_1_307' title='bbox 664 1921 788 1958; x_wconf 82' lang='lat' dir='ltr'>refert</span> <span class='ocrx_word' id='word_1_308' title='bbox 806 1921 919 1958; x_wconf 88' lang='lat' dir='ltr'>varia</span> <span class='ocrx_word' id='word_1_309' title='bbox 939 1921 1074 1970; x_wconf 86' lang='lat' dir='ltr'>capita</span> <span class='ocrx_word' id='word_1_310' title='bbox 1095 1919 1439 1957; x_wconf 86' lang='lat' dir='ltr'>constitutionum</span> <span class='ocrx_word' id='word_1_311' title='bbox 1458 1917 1716 1967; x_wconf 64' lang='lat' dir='ltr'>synodalium</span> <span class='ocrx_word' id='word_1_312' title='bbox 1736 1916 1787 1953; x_wconf 92' lang='lat' dir='ltr'>ab</span> 
     </span>
     <span class='ocr_line' id='line_1_31' title="bbox 81 1977 1787 2029; baseline -0.002 -14"><span class='ocrx_word' id='word_1_313' title='bbox 81 1978 156 2016; x_wconf 89' lang='lat' dir='ltr'>hoc</span> <span class='ocrx_word' id='word_1_314' title='bbox 187 1979 367 2016; x_wconf 88' lang='lat' dir='ltr'>Arnaldo</span> <span class='ocrx_word' id='word_1_315' title='bbox 398 1979 590 2029; x_wconf 89' lang='lat' dir='ltr'>episcopo</span> <span class='ocrx_word' id='word_1_316' title='bbox 619 1980 838 2025; x_wconf 76' lang='lat' dir='ltr'>editarum,</span> <span class='ocrx_word' id='word_1_317' title='bbox 870 1980 1085 2029; x_wconf 86' lang='lat' dir='ltr'>praecipue</span> <span class='ocrx_word' id='word_1_318' title='bbox 1117 1993 1212 2016; x_wconf 80' lang='lat' dir='ltr'>vero</span> <span class='ocrx_word' id='word_1_319' title='bbox 1242 1993 1291 2016; x_wconf 81' lang='lat' dir='ltr'>ex</span> <span class='ocrx_word' id='word_1_320' title='bbox 1321 1978 1477 2026; x_wconf 70' lang='lat' dir='ltr'>synodo</span> <span class='ocrx_word' id='word_1_321' title='bbox 1507 1977 1649 2014; x_wconf 82' lang='lat' dir='ltr'>habita</span> <span class='ocrx_word' id='word_1_322' title='bbox 1681 1989 1787 2012; x_wconf 89' lang='lat' dir='ltr'>anno</span> 
     </span>
    </p>

    <p class='ocr_par' dir='ltr' id='par_1_5' title="bbox 79 2093 1785 2252">
     <span class='ocr_line' id='line_1_32' title="bbox 134 2093 1784 2147; baseline -0.002 -14"><span class='ocrx_word' id='word_1_323' title='bbox 134 2096 252 2134; x_wconf 89' lang='lat' dir='ltr'>Anno</span> <span class='ocrx_word' id='word_1_324' title='bbox 275 2097 492 2143; x_wconf 81' lang='lat' dir='ltr'>MCCCXI,</span> <span class='ocrx_word' id='word_1_325' title='bbox 512 2097 575 2135; x_wconf 92' lang='lat' dir='ltr'>die</span> <span class='ocrx_word' id='word_1_326' title='bbox 595 2112 650 2134; x_wconf 78' lang='grc' dir='ltr'>ΧΠ</span> <span class='ocrx_word' id='word_1_327' title='bbox 669 2098 925 2147; x_wconf 83' lang='lat' dir='ltr'>septembris,</span> <span class='ocrx_word' id='word_1_328' title='bbox 943 2097 1045 2134; x_wconf 86' lang='lat' dir='ltr'>obiit</span> <span class='ocrx_word' id='word_1_329' title='bbox 1064 2097 1316 2134; x_wconf 77' lang='lat' dir='ltr'>Bertrandus</span> <span class='ocrx_word' id='word_1_330' title='bbox 1333 2095 1548 2133; x_wconf 88' lang='lat' dir='ltr'>cardinalis</span> <span class='ocrx_word' id='word_1_331' title='bbox 1565 2094 1612 2131; x_wconf 85' lang='lat' dir='ltr'>dc</span> <span class='ocrx_word' id='word_1_332' title='bbox 1627 2093 1784 2138; x_wconf 87' lang='lat' dir='ltr'>Bordis,</span> 
     </span>
     <span class='ocr_line' id='line_1_33' title="bbox 79 2152 1785 2205; baseline -0.002 -13"><span class='ocrx_word' id='word_1_333' title='bbox 79 2169 211 2205; x_wconf 87' lang='lat' dir='ltr'>papae</span> <span class='ocrx_word' id='word_1_334' title='bbox 232 2156 490 2194; x_wconf 84' lang='lat' dir='ltr'>camerarius.</span> <span class='ocrx_word' id='word_1_335' title='bbox 511 2157 616 2194; x_wconf 89' lang='lat' dir='ltr'>Tum</span> <span class='ocrx_word' id='word_1_336' title='bbox 636 2171 731 2194; x_wconf 69' lang='lat' dir='ltr'>vero</span> <span class='ocrx_word' id='word_1_337' title='bbox 751 2157 934 2194; x_wconf 82' lang='lat' dir='ltr'>Clemens</span> <span class='ocrx_word' id='word_1_338' title='bbox 961 2157 993 2192; x_wconf 70' lang='lat' dir='ltr'>V</span> <span class='ocrx_word' id='word_1_339' title='bbox 1018 2157 1150 2193; x_wconf 91' lang='lat' dir='ltr'>locum</span> <span class='ocrx_word' id='word_1_340' title='bbox 1170 2154 1380 2192; x_wconf 84' lang='lat' dir='ltr'>camerarii</span> <span class='ocrx_word' id='word_1_341' title='bbox 1400 2154 1513 2191; x_wconf 89' lang='lat' dir='ltr'>dedit</span> <span class='ocrx_word' id='word_1_342' title='bbox 1532 2153 1624 2190; x_wconf 88' lang='lat' dir='ltr'>huic</span> <span class='ocrx_word' id='word_1_343' title='bbox 1644 2152 1785 2189; x_wconf 73' lang='lat' dir='ltr'>Arnal-</span> 
     </span>
     <span class='ocr_line' id='line_1_34' title="bbox 80 2214 171 2252; baseline 0.011 -1"><span class='ocrx_word' id='word_1_344' title='bbox 80 2214 131 2251; x_wconf 92' lang='lat' dir='ltr'>do</span> <span class='ocrx_word' id='word_1_345' title='bbox 147 2216 171 2252; x_wconf 47' lang='grc' dir='ltr'>ὁ.</span> 
     </span>
    </p>

    <p class='ocr_par' dir='ltr' id='par_1_6' title="bbox 80 2269 1785 2380">
     <span class='ocr_line' id='line_1_35' title="bbox 132 2269 1785 2323; baseline -0.002 -13"><span class='ocrx_word' id='word_1_346' title='bbox 132 2273 251 2311; x_wconf 85' lang='lat' dir='ltr'>Anno</span> <span class='ocrx_word' id='word_1_347' title='bbox 285 2273 525 2321; x_wconf 81' lang='lat' dir='ltr'>MCCCXII,</span> <span class='ocrx_word' id='word_1_348' title='bbox 559 2274 705 2312; x_wconf 87' lang='lat' dir='ltr'>missus</span> <span class='ocrx_word' id='word_1_349' title='bbox 739 2283 800 2312; x_wconf 88' lang='lat' dir='ltr'>est</span> <span class='ocrx_word' id='word_1_350' title='bbox 832 2274 872 2311; x_wconf 91' lang='lat' dir='ltr'>in</span> <span class='ocrx_word' id='word_1_351' title='bbox 906 2274 1095 2323; x_wconf 80' lang='lat' dir='ltr'>Angliam</span> <span class='ocrx_word' id='word_1_352' title='bbox 1128 2287 1208 2310; x_wconf 90' lang='lat' dir='ltr'>una</span> <span class='ocrx_word' id='word_1_353' title='bbox 1243 2287 1333 2310; x_wconf 87' lang='lat' dir='ltr'>cum</span> <span class='ocrx_word' id='word_1_354' title='bbox 1368 2271 1548 2308; x_wconf 76' lang='lat' dir='ltr'>Arnaldo</span> <span class='ocrx_word' id='word_1_355' title='bbox 1581 2269 1785 2308; x_wconf 84' lang='lat' dir='ltr'>cardinale</span> 
     </span>
     <span class='ocr_line' id='line_1_36' title="bbox 80 2329 1785 2380; baseline -0.002 -11"><span class='ocrx_word' id='word_1_356' title='bbox 80 2331 253 2370; x_wconf 83' lang='lat' dir='ltr'>Sanctae</span> <span class='ocrx_word' id='word_1_357' title='bbox 277 2333 436 2371; x_wconf 84' lang='lat' dir='ltr'>Priscae</span> <span class='ocrx_word' id='word_1_358' title='bbox 458 2341 504 2370; x_wconf 92' lang='lat' dir='ltr'>ut</span> <span class='ocrx_word' id='word_1_359' title='bbox 525 2342 662 2371; x_wconf 89' lang='lat' dir='ltr'>motus</span> <span class='ocrx_word' id='word_1_360' title='bbox 685 2334 883 2371; x_wconf 82' lang='lat' dir='ltr'>nobilium</span> <span class='ocrx_word' id='word_1_361' title='bbox 913 2334 1107 2371; x_wconf 86' lang='lat' dir='ltr'>adversus</span> <span class='ocrx_word' id='word_1_362' title='bbox 1138 2346 1272 2380; x_wconf 73' lang='lat' dir='ltr'>regem</span> <span class='ocrx_word' id='word_1_363' title='bbox 1295 2339 1334 2369; x_wconf 85' lang='lat' dir='ltr'>et</span> <span class='ocrx_word' id='word_1_364' title='bbox 1357 2332 1523 2368; x_wconf 83' lang='lat' dir='ltr'>Petrum</span> <span class='ocrx_word' id='word_1_365' title='bbox 1547 2330 1594 2366; x_wconf 87' lang='lat' dir='ltr'>de</span> <span class='ocrx_word' id='word_1_366' title='bbox 1614 2329 1785 2366; x_wconf 80' lang='lat' dir='ltr'>Gavers-</span> 
     </span>
    </p>
   </div>
   <div class='ocr_carea' id='block_1_3' title="bbox 68 2464 1781 3092">
    <p class='ocr_par' dir='ltr' id='par_1_7' title="bbox 128 2464 599 2508">
     <span class='ocr_line' id='line_1_37' title="bbox 128 2464 599 2508; baseline 0.004 -12"><span class='ocrx_word' id='word_1_367' title='bbox 128 2465 157 2497; x_wconf 92' lang='lat'>1.</span> <span class='ocrx_word' id='word_1_368' title='bbox 188 2464 336 2503; x_wconf 89' lang='lat' dir='ltr'>Baluze‚</span> <span class='ocrx_word' id='word_1_369' title='bbox 355 2471 380 2498; x_wconf 91' lang='lat' dir='ltr'>t.</span> <span class='ocrx_word' id='word_1_370' title='bbox 397 2477 447 2503; x_wconf 82' lang='lat'>111,</span> <span class='ocrx_word' id='word_1_371' title='bbox 466 2477 500 2508; x_wconf 91' lang='lat' dir='ltr'>p.</span> <span class='ocrx_word' id='word_1_372' title='bbox 519 2466 599 2498; x_wconf 83' lang='grc'>322.</span> 
     </span>
    </p>

    <p class='ocr_par' dir='ltr' id='par_1_8' title="bbox 73 2514 1781 2720">
     <span class='ocr_line' id='line_1_38' title="bbox 127 2514 1781 2562; baseline -0.001 -14"><span class='ocrx_word' id='word_1_373' title='bbox 127 2517 158 2550; x_wconf 80' lang='grc'>2.</span> <span class='ocrx_word' id='word_1_374' title='bbox 188 2517 372 2561; x_wconf 78' lang='lat' dir='ltr'>Berenger</span> <span class='ocrx_word' id='word_1_375' title='bbox 398 2518 530 2551; x_wconf 78' lang='lat' dir='ltr'>Fredol</span> <span class='ocrx_word' id='word_1_376' title='bbox 554 2519 705 2562; x_wconf 90' lang='lat' dir='ltr'>remplit</span> <span class='ocrx_word' id='word_1_377' title='bbox 729 2519 779 2551; x_wconf 86' lang='lat' dir='ltr'>lcs</span> <span class='ocrx_word' id='word_1_378' title='bbox 804 2519 991 2551; x_wconf 80' lang='lat' dir='ltr'>fonctions</span> <span class='ocrx_word' id='word_1_379' title='bbox 1017 2519 1060 2550; x_wconf 82' lang='lat' dir='ltr'>dc</span> <span class='ocrx_word' id='word_1_380' title='bbox 1086 2517 1334 2559; x_wconf 77' lang='lat' dir='ltr'>camel-lingue</span> <span class='ocrx_word' id='word_1_381' title='bbox 1360 2517 1409 2547; x_wconf 89' lang='lat' dir='ltr'>du</span> <span class='ocrx_word' id='word_1_382' title='bbox 1434 2515 1542 2548; x_wconf 79' lang='lat' dir='ltr'>Sacre</span> <span class='ocrx_word' id='word_1_383' title='bbox 1569 2515 1712 2557; x_wconf 75' lang='lat' dir='ltr'>Collcge</span> <span class='ocrx_word' id='word_1_384' title='bbox 1738 2514 1781 2546; x_wconf 88' lang='lat' dir='ltr'>dc</span> 
     </span>
     <span class='ocr_line' id='line_1_39' title="bbox 76 2567 1781 2615; baseline -0.003 -11"><span class='ocrx_word' id='word_1_385' title='bbox 76 2571 169 2604; x_wconf 84' lang='lat'>1313</span> <span class='ocrx_word' id='word_1_386' title='bbox 192 2571 344 2614; x_wconf 68' lang='lat' dir='ltr'>jusqu’z‘l</span> <span class='ocrx_word' id='word_1_387' title='bbox 366 2583 407 2603; x_wconf 85' lang='lat' dir='ltr'>sa</span> <span class='ocrx_word' id='word_1_388' title='bbox 429 2578 528 2604; x_wconf 91' lang='lat' dir='ltr'>mort</span> <span class='ocrx_word' id='word_1_389' title='bbox 551 2572 615 2615; x_wconf 88' lang='lat' dir='ltr'>qui</span> <span class='ocrx_word' id='word_1_390' title='bbox 636 2572 785 2615; x_wconf 74' lang='lat' dir='ltr'>‘d&#39;apres</span> <span class='ocrx_word' id='word_1_391' title='bbox 809 2572 1064 2614; x_wconf 80' lang='lat' dir='ltr'>Baumgartcn</span> <span class='ocrx_word' id='word_1_392' title='bbox 1092 2570 1445 2611; x_wconf 73' lang='lat' dir='ltr'>(Unlersuchngen,</span> <span class='ocrx_word' id='word_1_393' title='bbox 1476 2581 1509 2612; x_wconf 85' lang='lat' dir='ltr'>p.</span> <span class='ocrx_word' id='word_1_394' title='bbox 1537 2568 1594 2609; x_wconf 90' lang='lat' dir='ltr'>L11)</span> <span class='ocrx_word' id='word_1_395' title='bbox 1622 2573 1686 2599; x_wconf 85' lang='lat' dir='ltr'>cut</span> <span class='ocrx_word' id='word_1_396' title='bbox 1709 2567 1781 2599; x_wconf 91' lang='lat' dir='ltr'>licu</span> 
     </span>
     <span class='ocr_line' id='line_1_40' title="bbox 75 2622 1779 2667; baseline -0.002 -12"><span class='ocrx_word' id='word_1_397' title='bbox 75 2635 121 2656; x_wconf 89' lang='lat' dir='ltr'>en</span> <span class='ocrx_word' id='word_1_398' title='bbox 136 2624 339 2656; x_wconf 89' lang='lat' dir='ltr'>novembre</span> <span class='ocrx_word' id='word_1_399' title='bbox 356 2625 460 2658; x_wconf 82' lang='lat'>1323.</span> <span class='ocrx_word' id='word_1_400' title='bbox 476 2643 524 2647; x_wconf 83' lang='lat'>—-</span> <span class='ocrx_word' id='word_1_401' title='bbox 535 2624 610 2658; x_wconf 86' lang='lat' dir='ltr'>Son</span> <span class='ocrx_word' id='word_1_402' title='bbox 624 2637 735 2657; x_wconf 89' lang='lat' dir='ltr'>sceau</span> <span class='ocrx_word' id='word_1_403' title='bbox 750 2637 770 2657; x_wconf 86' lang='lat' dir='ltr'>a</span> <span class='ocrx_word' id='word_1_404' title='bbox 786 2626 843 2658; x_wconf 75' lang='lat' dir='ltr'>ete</span> <span class='ocrx_word' id='word_1_405' title='bbox 860 2625 977 2657; x_wconf 80' lang='lat' dir='ltr'>decrit</span> <span class='ocrx_word' id='word_1_406' title='bbox 991 2636 1058 2667; x_wconf 85' lang='lat' dir='ltr'>par</span> <span class='ocrx_word' id='word_1_407' title='bbox 1073 2624 1195 2656; x_wconf 71' lang='lat' dir='ltr'>Douet</span> <span class='ocrx_word' id='word_1_408' title='bbox 1215 2622 1568 2665; x_wconf 75' lang='lat' dir='ltr'>d&#39;A1·cq((&#39;0llection</span> <span class='ocrx_word' id='word_1_409' title='bbox 1584 2622 1624 2653; x_wconf 82' lang='lat' dir='ltr'>de</span> <span class='ocrx_word' id='word_1_410' title='bbox 1638 2632 1779 2659; x_wconf 62' lang='lat' dir='ltr'>secata,</span> 
     </span>
     <span class='ocr_line' id='line_1_41' title="bbox 73 2676 364 2720; baseline 0.007 -12"><span class='ocrx_word' id='word_1_411' title='bbox 73 2682 99 2708; x_wconf 87' lang='lat' dir='ltr'>t.</span> <span class='ocrx_word' id='word_1_412' title='bbox 121 2688 158 2714; x_wconf 67' lang='lat'>11,</span> <span class='ocrx_word' id='word_1_413' title='bbox 182 2687 216 2707; x_wconf 87' lang='lat' dir='ltr'>n.</span> <span class='ocrx_word' id='word_1_414' title='bbox 241 2676 364 2720; x_wconf 64' lang='lat'>6260).</span> 
     </span>
    </p>

    <p class='ocr_par' dir='ltr' id='par_1_9' title="bbox 121 2729 1668 2773">
     <span class='ocr_line' id='line_1_42' title="bbox 121 2729 1668 2773; baseline 0.001 -11"><span class='ocrx_word' id='word_1_415' title='bbox 121 2731 153 2762; x_wconf 88' lang='lat'>3.</span> <span class='ocrx_word' id='word_1_416' title='bbox 176 2729 225 2762; x_wconf 89' lang='lat' dir='ltr'>Le</span> <span class='ocrx_word' id='word_1_417' title='bbox 246 2730 267 2762; x_wconf 79' lang='grc'>4</span> <span class='ocrx_word' id='word_1_418' title='bbox 287 2731 490 2763; x_wconf 87' lang='lat' dir='ltr'>novembre</span> <span class='ocrx_word' id='word_1_419' title='bbox 516 2730 688 2773; x_wconf 81' lang='lat' dir='ltr'>(Cle&#39;ment</span> <span class='ocrx_word' id='word_1_420' title='bbox 712 2731 753 2770; x_wconf 83' lang='lat' dir='ltr'>V,</span> <span class='ocrx_word' id='word_1_421' title='bbox 776 2743 809 2764; x_wconf 91' lang='lat' dir='ltr'>n.</span> <span class='ocrx_word' id='word_1_422' title='bbox 834 2731 952 2773; x_wconf 80' lang='grc'>1405).</span> <span class='ocrx_word' id='word_1_423' title='bbox 1665 2747 1668 2750; x_wconf 94' lang='grc'><strong><em>·</em></strong></span> 
     </span>
    </p>

    <p class='ocr_par' dir='ltr' id='par_1_10' title="bbox 68 2780 1777 2932">
     <span class='ocr_line' id='line_1_43' title="bbox 120 2780 1777 2827; baseline -0.002 -12"><span class='ocrx_word' id='word_1_424' title='bbox 120 2783 152 2815; x_wconf 82' lang='grc'>4.</span> <span class='ocrx_word' id='word_1_425' title='bbox 176 2782 304 2815; x_wconf 87' lang='lat' dir='ltr'>L’acte</span> <span class='ocrx_word' id='word_1_426' title='bbox 327 2784 370 2816; x_wconf 89' lang='lat' dir='ltr'>de</span> <span class='ocrx_word' id='word_1_427' title='bbox 392 2784 427 2816; x_wconf 89' lang='lat' dir='ltr'>la</span> <span class='ocrx_word' id='word_1_428' title='bbox 450 2783 544 2827; x_wconf 82' lang='lat' dir='ltr'>prise</span> <span class='ocrx_word' id='word_1_429' title='bbox 568 2785 611 2816; x_wconf 92' lang='lat' dir='ltr'>de</span> <span class='ocrx_word' id='word_1_430' title='bbox 634 2784 845 2827; x_wconf 87' lang='lat' dir='ltr'>possession</span> <span class='ocrx_word' id='word_1_431' title='bbox 870 2785 901 2825; x_wconf 91' lang='lat'>(7</span> <span class='ocrx_word' id='word_1_432' title='bbox 925 2783 999 2815; x_wconf 83' lang='lat' dir='ltr'>mai</span> <span class='ocrx_word' id='word_1_433' title='bbox 1025 2784 1142 2823; x_wconf 77' lang='lat'>1307),</span> <span class='ocrx_word' id='word_1_434' title='bbox 1166 2782 1337 2825; x_wconf 74' lang='lat' dir='ltr'>imprime</span> <span class='ocrx_word' id='word_1_435' title='bbox 1361 2793 1427 2824; x_wconf 85' lang='lat' dir='ltr'>par</span> <span class='ocrx_word' id='word_1_436' title='bbox 1448 2781 1569 2822; x_wconf 73' lang='lat' dir='ltr'>Bcsly,</span> <span class='ocrx_word' id='word_1_437' title='bbox 1594 2792 1628 2823; x_wconf 88' lang='lat' dir='ltr'>p.</span> <span class='ocrx_word' id='word_1_438' title='bbox 1654 2780 1733 2817; x_wconf 84' lang='lat'>166,</span> <span class='ocrx_word' id='word_1_439' title='bbox 1757 2791 1777 2811; x_wconf 90' lang='lat' dir='ltr'>a</span> 
     </span>
     <span class='ocr_line' id='line_1_44' title="bbox 68 2833 1776 2880; baseline -0.002 -12"><span class='ocrx_word' id='word_1_440' title='bbox 68 2837 127 2869; x_wconf 75' lang='lat' dir='ltr'>ete</span> <span class='ocrx_word' id='word_1_441' title='bbox 148 2836 274 2877; x_wconf 69' lang='lat' dir='ltr'>public</span> <span class='ocrx_word' id='word_1_442' title='bbox 296 2836 378 2879; x_wconf 87' lang='lat' dir='ltr'>plus</span> <span class='ocrx_word' id='word_1_443' title='bbox 400 2843 670 2870; x_wconf 82' lang='lat' dir='ltr'>correctement</span> <span class='ocrx_word' id='word_1_444' title='bbox 694 2849 760 2880; x_wconf 89' lang='lat' dir='ltr'>par</span> <span class='ocrx_word' id='word_1_445' title='bbox 782 2837 903 2869; x_wconf 69' lang='lat' dir='ltr'>Redet</span> <span class='ocrx_word' id='word_1_446' title='bbox 925 2837 1016 2869; x_wconf 89' lang='lat' dir='ltr'>dans</span> <span class='ocrx_word' id='word_1_447' title='bbox 1038 2836 1212 2868; x_wconf 64' lang='lat' dir='ltr'>Arclziwes</span> <span class='ocrx_word' id='word_1_448' title='bbox 1232 2835 1446 2877; x_wconf 74' lang='lat' dir='ltr'>historiques</span> <span class='ocrx_word' id='word_1_449' title='bbox 1467 2835 1513 2866; x_wconf 76' lang='lat' dir='ltr'>du</span> <span class='ocrx_word' id='word_1_450' title='bbox 1535 2833 1678 2871; x_wconf 73' lang='lat' dir='ltr'>Poitou,</span> <span class='ocrx_word' id='word_1_451' title='bbox 1702 2838 1728 2864; x_wconf 88' lang='lat' dir='ltr'>t.</span> <span class='ocrx_word' id='word_1_452' title='bbox 1752 2844 1776 2864; x_wconf 84' lang='lat' dir='ltr'>x</span> 
     </span>
     <span class='ocr_line' id='line_1_45' title="bbox 72 2888 478 2932; baseline 0.002 -11"><span class='ocrx_word' id='word_1_453' title='bbox 72 2888 206 2931; x_wconf 88' lang='lat'>(1881),</span> <span class='ocrx_word' id='word_1_454' title='bbox 240 2900 273 2932; x_wconf 92' lang='lat' dir='ltr'>p.</span> <span class='ocrx_word' id='word_1_455' title='bbox 308 2889 478 2922; x_wconf 87' lang='grc'>105-107.</span> 
     </span>
    </p>

    <p class='ocr_par' dir='ltr' id='par_1_11' title="bbox 69 2939 1777 3092">
     <span class='ocr_line' id='line_1_46' title="bbox 120 2939 1777 2985; baseline -0.002 -11"><span class='ocrx_word' id='word_1_456' title='bbox 120 2942 151 2974; x_wconf 89' lang='grc'>5.</span> <span class='ocrx_word' id='word_1_457' title='bbox 176 2941 207 2974; x_wconf 89' lang='grc' dir='ltr'>ΙΙ</span> <span class='ocrx_word' id='word_1_458' title='bbox 227 2944 402 2985; x_wconf 78' lang='lat' dir='ltr'>apparait</span> <span class='ocrx_word' id='word_1_459' title='bbox 423 2943 515 2976; x_wconf 85' lang='lat' dir='ltr'>dans</span> <span class='ocrx_word' id='word_1_460' title='bbox 536 2943 586 2975; x_wconf 87' lang='lat' dir='ltr'>les</span> <span class='ocrx_word' id='word_1_461' title='bbox 608 2943 717 2975; x_wconf 85' lang='lat' dir='ltr'>livrcs</span> <span class='ocrx_word' id='word_1_462' title='bbox 741 2943 802 2975; x_wconf 87' lang='lat' dir='ltr'>des</span> <span class='ocrx_word' id='word_1_463' title='bbox 824 2949 992 2985; x_wconf 83' lang='lat' dir='ltr'>comptes</span> <span class='ocrx_word' id='word_1_464' title='bbox 1014 2941 1249 2985; x_wconf 84' lang='lat' dir='ltr'>pontificaux</span> <span class='ocrx_word' id='word_1_465' title='bbox 1271 2952 1359 2972; x_wconf 86' lang='lat' dir='ltr'>avec</span> <span class='ocrx_word' id='word_1_466' title='bbox 1382 2952 1420 2972; x_wconf 89' lang='lat' dir='ltr'>ce</span> <span class='ocrx_word' id='word_1_467' title='bbox 1442 2940 1528 2971; x_wconf 86' lang='lat' dir='ltr'>titre</span> <span class='ocrx_word' id='word_1_468' title='bbox 1558 2939 1587 2970; x_wconf 93' lang='lat' dir='ltr'>le</span> <span class='ocrx_word' id='word_1_469' title='bbox 1610 2939 1649 2970; x_wconf 89' lang='lat'>11</span> <span class='ocrx_word' id='word_1_470' title='bbox 1676 2944 1777 2970; x_wconf 81' lang='lat' dir='ltr'>octo-</span> 
     </span>
     <span class='ocr_line' id='line_1_47' title="bbox 69 2991 1775 3039; baseline -0.002 -13"><span class='ocrx_word' id='word_1_471' title='bbox 69 2994 134 3027; x_wconf 86' lang='lat' dir='ltr'>bre</span> <span class='ocrx_word' id='word_1_472' title='bbox 154 2994 243 3027; x_wconf 88' lang='lat'>1311</span> <span class='ocrx_word' id='word_1_473' title='bbox 270 2994 442 3037; x_wconf 66' lang='lat' dir='ltr'>(Clement</span> <span class='ocrx_word' id='word_1_474' title='bbox 464 2995 505 3035; x_wconf 89' lang='lat' dir='ltr'>V,</span> <span class='ocrx_word' id='word_1_475' title='bbox 525 2996 751 3039; x_wconf 81' lang='lat' dir='ltr'>Appendice,</span> <span class='ocrx_word' id='word_1_476' title='bbox 773 3008 806 3039; x_wconf 90' lang='lat' dir='ltr'>p.</span> <span class='ocrx_word' id='word_1_477' title='bbox 830 2996 909 3034; x_wconf 76' lang='lat'>238,</span> <span class='ocrx_word' id='word_1_478' title='bbox 932 3006 965 3028; x_wconf 91' lang='lat' dir='ltr'>n.</span> <span class='ocrx_word' id='word_1_479' title='bbox 987 2995 1083 3037; x_wconf 88' lang='lat'>178).</span> <span class='ocrx_word' id='word_1_480' title='bbox 1107 2994 1136 3026; x_wconf 95' lang='lat' dir='ltr'>Il</span> <span class='ocrx_word' id='word_1_481' title='bbox 1156 2993 1408 3026; x_wconf 75' lang='lat' dir='ltr'>demissionna</span> <span class='ocrx_word' id='word_1_482' title='bbox 1428 2993 1458 3025; x_wconf 89' lang='lat' dir='ltr'>le</span> <span class='ocrx_word' id='word_1_483' title='bbox 1480 2993 1522 3025; x_wconf 76' lang='lat'>23</span> <span class='ocrx_word' id='word_1_484' title='bbox 1542 2992 1663 3035; x_wconf 76' lang='lat' dir='ltr'>juillet</span> <span class='ocrx_word' id='word_1_485' title='bbox 1683 2991 1775 3024; x_wconf 89' lang='lat'>1319</span> 
     </span>
     <span class='ocr_line' id='line_1_48' title="bbox 75 3047 837 3092; baseline 0.003 -13"><span class='ocrx_word' id='word_1_486' title='bbox 75 3047 223 3090; x_wconf 67' lang='lat' dir='ltr'>(Gener,</span> <span class='ocrx_word' id='word_1_487' title='bbox 244 3047 396 3081; x_wconf 83' lang='lat' dir='ltr'>Johann</span> <span class='ocrx_word' id='word_1_488' title='bbox 414 3048 552 3087; x_wconf 77' lang='lat' dir='ltr'><em>XXII,</em></span> <span class='ocrx_word' id='word_1_489' title='bbox 573 3061 608 3092; x_wconf 91' lang='lat' dir='ltr'>p.</span> <span class='ocrx_word' id='word_1_490' title='bbox 631 3050 661 3088; x_wconf 84' lang='lat'>2,</span> <span class='ocrx_word' id='word_1_491' title='bbox 683 3055 770 3081; x_wconf 87' lang='lat' dir='ltr'>note</span> <span class='ocrx_word' id='word_1_492' title='bbox 791 3049 837 3091; x_wconf 84' lang='lat'>1).</span> 
     </span>
    </p>
   </div>
  </div>
 </body>
</html>
