2083 3458
134 236 258 293 [885]
659 254 875 280 PAPARUM
911 254 1294 280 AVENIONENSIUM
1733 237 1815 279 397

121 337 233 384 cisse,
256 337 524 386 vinctumque
547 337 599 375 ad
622 338 873 377 Clementem
901 338 1055 376 misisse
1086 337 1352 376 Avenionem.
1378 338 1527 375 Contra
1551 337 1661 387 apud
1686 337 1815 375 Forti-

123 395 292 434 fioccam
321 395 411 446 [col.
441 395 636 446 511-512]
668 396 766 434 nihil
798 397 846 435 de
875 411 1031 435 carcere
1062 396 1267 445 pragensi,
1296 396 1365 434 sed
1399 396 1518 434 ivisse
1547 411 1640 435 eum
1668 403 1814 446 sponte

119 454 386 501 Avenionem,
419 454 545 494 etiam
576 454 708 493 invito
741 455 1000 505 imperatore.
1035 455 1113 493 Sed
1145 455 1185 492 id
1219 454 1320 492 falso
1354 454 1552 505 scriptum
1585 470 1669 493 esse
1703 463 1813 493 certo

120 521 283 551 constat
306 527 356 551 ex
379 513 550 563 epistola
576 514 793 552 Clementis
819 514 874 551 VI
900 514 950 552 ad
979 514 1177 551 Karolum
1200 513 1297 563 imp.
1323 513 1432 551 edita
1458 514 1567 563 apud
1593 513 1813 566 Odoricum

122 571 398 621 Raynaldum,
424 586 488 610 an.
517 572 630 619 1350,
662 572 678 620 ἓ
703 572 739 619 5,
766 581 805 610 et
829 581 1039 622 praeterea
1063 572 1172 611 idem
1196 572 1392 610 evincunt
1416 572 1628 622 sequentia
1656 573 1814 611 Petrai·-

118 631 217 669 chae
244 631 370 669 verba
398 645 448 669 ex
483 630 586 668 libro
616 631 724 668 XIII
753 631 840 669 Rer.
870 632 1077 680 familiar„
1107 631 1224 681 epist.
1256 646 1309 677 vi,
1341 631 1492 680 scripta
1528 646 1570 668 iv
1598 631 1687 668 idus
1721 630 1809 681 [10]

118 689 282 739 augusti
308 690 360 727 ad
389 689 651 729 Franciscum
676 690 853 740 priorem
880 690 1124 728 Sanctorum
1151 690 1442 739 Apostolorum
1470 690 1518 727 de
1546 690 1751 728 Florentia
1769 689 1811 727 1:

126 748 241 786 Venit
280 749 331 786 ad
369 749 539 791 curiam,
562 763 700 798 nuper,
743 749 820 786 imo
861 764 945 786 vero
987 763 1065 786 non
1104 749 1219 796 venit,
1260 749 1327 785 sed
1365 749 1544 797 captiuus
1584 749 1721 786 ductus
1761 757 1814 786 cst

120 807 313 845 Nicolaus
332 807 540 844 Laurentii
560 808 655 844 olim
673 808 747 845 late
765 808 1001 856 formidatus
1021 808 1206 845 tribunus
1227 807 1337 844 urbis
1357 808 1489 853 Rome,
1513 822 1616 844 nunc
1635 808 1814 844 omnium

119 865 324 904 hominum
349 866 594 903 miserrimus
619 875 664 913 et,
691 867 792 916 quod
814 875 1025 904 extremum
1051 867 1146 904 mali
1173 881 1294 915 genus
1319 874 1384 911 est,
1412 866 1539 903 nescio
1564 881 1617 903 an
1643 875 1682 904 ut
1707 867 1815 903 valde

120 925 248 970 miser,
275 926 331 962 sic
356 925 518 962 minime
544 925 783 962 miserabilis
808 939 820 962 .·
847 926 913 975 qui
938 940 1025 963 cum
1052 926 1094 962 in
1118 924 1316 974 Capitolio
1341 933 1449 961 tanta
1469 940 1556 962 cum
1573 926 1697 974 gloria
1716 925 1814 962 mori

118 992 257 1033 posset,
286 984 514 1021 Boemicum
539 992 572 1021 et
593 999 680 1021 mort·
703 984 943 1021 Lemovicem
969 998 1156 1021 carcerem
1184 984 1317 1021 subire
1344 992 1448 1020 tanto
1471 998 1554 1026 suo,
1579 992 1613 1021 et
1642 983 1812 1021 Romani

120 1042 294 1080 nominis
313 1057 357 1080 ac
376 1043 590 1092 reipublice
610 1043 783 1080 ludibrio
802 1043 1005 1081 sustinuit.
1030 1044 1083 1080 Et
1102 1043 1206 1080 infra
1225 1042 1239 1064 2
1261 1059 1268 1079 ε
1294 1043 1461 1084 Intravit
1480 1044 1631 1080 curiam
1651 1043 1814 1080 humilis

117 1109 230 1151 atque
250 1110 490 1151 contemptus
513 1102 546 1139 is
568 1102 635 1151 qui
658 1102 779 1139 malos
800 1102 888 1139 orbe
910 1110 982 1139 toto
1004 1102 1209 1150 tremefecit
1230 1116 1274 1138 ac
1295 1101 1442 1148 terruit,
1470 1102 1585 1138 bonos
1615 1116 1682 1151 spe
1711 1103 1813 1139 letis-

117 1160 221 1198 sima
252 1169 364 1210 atque
396 1161 658 1210 expectatione
690 1161 904 1211 complevit.
940 1161 990 1198 Et
1024 1161 1204 1197 universo
1234 1161 1429 1210 quondam
1462 1161 1608 1210 populo
1637 1161 1813 1198 Romano

121 1219 426 1269 Italicarumque
444 1220 603 1257 urbium
620 1220 862 1269 primatibus
879 1220 1097 1266 comitatus,
1117 1234 1222 1257 nunc
1239 1219 1392 1256 duobus
1410 1219 1500 1256 hinc
1519 1220 1628 1256 illinc
1645 1220 1815 1269 stipatus

116 1278 352 1316 satellitibus
373 1279 454 1316 ibat
474 1279 625 1328 infelioe,
644 1279 753 1328 plebe
772 1279 887 1316 obvia
906 1279 1138 1328 videndique
1156 1278 1274 1315 avida
1294 1278 1436 1327 faciem
1452 1278 1550 1327 ejus,
1571 1278 1684 1327 cujus
1705 1279 1815 1315 modo

117 1337 267 1374 clarum
288 1352 427 1375 nomen
447 1338 637 1375 audierat.
661 1338 758 1375 Erat
777 1346 907 1375 autem
927 1353 950 1375 a
971 1338 1149 1374 Romano
1169 1351 1254 1386 rege
1274 1338 1325 1374 ad
1344 1337 1569 1374 Romanum
1590 1338 1815 1387 pontificem

119 1396 275 1434 missus.
299 1397 352 1434 Et
371 1411 466 1434 mox
481 1396 496 1419 3
516 1412 522 1434 :
550 1397 600 1434 Ut
617 1411 705 1445 ergo
723 1397 910 1446 pervenit,
932 1397 1035 1433 illico
1054 1396 1239 1445 Pontifex
1258 1396 1456 1433 maximus
1474 1396 1600 1433 tribus
1618 1411 1636 1433 e
1655 1411 1815 1433 numero

118 1455 350 1505 principum
374 1456 544 1493 Ecclesie
582 1470 743 1493 causam
767 1456 853 1505 ejus
877 1456 1173 1493 discernendam
1198 1455 1312 1501 dedit,
1339 1455 1482 1504 quibus
1501 1455 1730 1505 impositum
1749 1463 1814 1501 est,

120 1513 276 1551 videant
311 1529 383 1564 quo
419 1515 613 1564 supplicii
653 1529 787 1563 genere
823 1514 969 1563 dignus
1013 1515 1065 1552 sit
1103 1514 1169 1564 qui
1205 1514 1489 1563 rempublicam
1527 1514 1690 1551 liberam
1737 1529 1818 1551 esse

119 1573 250 1611 voluit.
284 1573 394 1611 Ideni
426 1573 677 1612 Pet1=archa⁴
704 1574 745 1610 in
774 1574 945 1623 epistola
977 1581 1123 1622 quarta
1155 1587 1295 1611 earum
1324 1587 1427 1622 quae
1459 1573 1542 1611 sine
1571 1574 1693 1611 titulo
1721 1581 1817 1611 sunt

117 1633 316 1682 populum
354 1633 588 1672 Romanum
622 1633 812 1670 hortatur
847 1633 898 1670 ad
933 1633 1229 1682 reposcendum
1265 1632 1550 1671 civenisuuin
1584 1632 1624 1669 in
1660 1646 1818 1670 carcere

117 1691 299 1740 positum
325 1699 366 1729 et
393 1692 440 1729 de
468 1692 554 1729 vita
581 1692 896 1741 periclitantem.
922 1691 1105 1741 Denique
1131 1691 1172 1728 in
1199 1692 1306 1729 calce
1333 1691 1434 1728 tomi
1461 1691 1627 1729 secundi
1645 1691 1819 1741 Operum

117 1750 349 1788 Petrarchae
365 1759 481 1788 extat
498 1751 655 1801 prolixa
673 1751 844 1800 epistola
862 1751 1047 1800 ejusdem
1066 1750 1221 1788 Nicolai
1239 1750 1389 1801 scripta
1408 1765 1426 1787 e
1449 1764 1605 1788 carcere
1624 1751 1816 1800 Pragensi

117 1809 169 1846 ad
191 1808 421 1847 Guidonem
444 1809 492 1847 de
513 1809 683 1847 Bolonia
707 1810 744 1848 S.
771 1810 818 1847 R.
844 1810 889 1848 E.
913 1809 1176 1856 cardinalem,
1198 1809 1239 1846 in
1262 1823 1341 1858 qua
1366 1823 1485 1859 opem
1506 1809 1592 1858 ejus
1622 1809 1816 1859 implorat

116 1875 163 1905 ut
191 1868 328 1907 locum
357 1869 559 1918 purgandi
589 1883 628 1907 se
659 1869 825 1915 habeat,
856 1868 1019 1919 petiisse
1051 1883 1090 1906 se
1121 1882 1142 1906 a
1174 1868 1373 1918 principio
1403 1882 1499 1906 suae
1531 1868 1816 1906 carcerationis

115 1927 430 1966 translationem
459 1942 575 1964 suam
605 1928 656 1965 ad
688 1927 842 1966 curiam
875 1928 1119 1973 Romanam,
1140 1936 1187 1964 ut
1216 1928 1362 1965 saltem
1392 1935 1554 1976 pateret
1582 1927 1623 1964 in
1652 1927 1817 1977 publico

117 1986 226 2034 quod
260 1986 294 2024 ei
329 1986 602 2036 objiciebatur
635 1987 709 2023 sub
745 1987 952 2024 mantello.
992 1986 1166 2025 Demum
1200 1987 1385 2036 postulat
1419 2001 1458 2024 se
1493 1986 1612 2023 inseri
1647 1985 1815 2035 militiae

116 2044 255 2082 Sancti
290 2045 460 2083 Joannis
498 2045 874 2094 Hierosolyrnitani.
916 2045 1086 2095 Insignis
1121 2054 1182 2083 est
1215 2046 1326 2083 locus
1362 2045 1589 2094 dignusque
1625 2045 1693 2093 qui
1727 2044 1814 2082 heic

115 2104 426 2145 transcribatur.
450 2103 512 2142 Sic
531 2119 624 2153 ergo
645 2105 770 2142 habet
787 2104 802 2126 5
824 2120 830 2142 :
852 2105 918 2141 Ad
931 2113 1086 2154 portum
1103 2102 1462 2153 Hierosolymitane
1482 2104 1621 2141 militie
1639 2118 1748 2153 quem
1765 2103 1815 2140 ab

116 2161 232 2199 initio
258 2163 373 2200 ruine
399 2163 598 2212 despectus
625 2163 801 2201 habitare
828 2164 1055 2212 delegeram,
1083 2163 1361 2213 respirandum
1390 2162 1431 2199 in
1458 2162 1596 2200 habitu
1621 2171 1655 2199 et
1681 2162 1815 2210 regula

114 2221 311 2270 postulavi
332 2230 366 2259 et
387 2223 552 2271 postulo,
576 2222 684 2259 oravi
706 2230 740 2259 et
760 2222 943 2272 supplico
966 2237 1023 2259 me
1045 2222 1202 2268 remitti,
1226 2236 1328 2259 nexu
1350 2220 1657 2259 matrimonialis
1680 2221 1815 2269 copule

115 2294 194 2317 non
212 2280 398 2327 obstante,
419 2295 506 2318 cum
525 2289 558 2318 et
576 2296 702 2331 prona
721 2296 876 2318 consors
897 2295 981 2318 mea
1001 2281 1102 2318 idem
1121 2281 1165 2318 de
1183 2295 1222 2317 se
1241 2281 1330 2317 velit
1347 2288 1381 2317 et
1405 2280 1606 2317 claustrali
1625 2279 1813 2328 religione

111 2353 151 2376 se
171 2340 373 2389 supplicat
392 2340 600 2378 honestari.
625 2340 725 2377 Vide
747 2340 873 2379 etiam
894 2340 1084 2379 eumdem
1106 2340 1384 2385 Petrarcham,
1407 2339 1474 2377 lib.
1504 2339 1532 2385 I,
1552 2339 1609 2374 De
1631 2338 1812 2375 remediis

115 2397 316 2448 utriusque
336 2398 529 2446 fortunae,
554 2413 641 2449 cap.
667 2413 844 2437 Lxxxlx.

195 2457 236 2495 P.
271 2457 359 2504 253,
391 2457 457 2507 lig.
493 2458 526 2496 7.
563 2458 741 2495 Diurius
772 2471 1098 2496 INCARCERATUS
1130 2472 1201 2507 per
1227 2456 1500 2506 septennium,
1528 2464 1575 2493 ut
1604 2470 1653 2493 ex
1681 2455 1809 2493 Forti-

115 2514 240 2553 fiocca
268 2515 357 2565 [col.
384 2516 569 2564 511-514,
601 2516 797 2566 521-522]
824 2516 949 2555 refert
972 2515 1162 2563 Bzovius‚
1184 2529 1248 2554 an.
1278 2514 1391 2561 1352,
1419 2514 1435 2562 ἓ
1461 2514 1496 2561 2,
1522 2514 1592 2551 ubi
1619 2514 1808 2552 Nicolaus

112 2582 206 2623 post
227 2575 407 2614 reditum
428 2589 548 2615 suum
570 2590 589 2613 e
613 2589 770 2614 carcere
790 2574 1066 2613 Avenionensi
1085 2574 1232 2612 dixisse
1255 2573 1295 2611 in
1319 2573 1520 2623 Capitolio
1542 2573 1715 2611 refertur
1736 2587 1809 2622 pro

113 2632 305 2671 concione
331 2642 489 2684 septem
513 2649 553 2672 se
579 2634 695 2672 annis
714 2633 742 2682 ⁶,
769 2634 1121 2684 quemadmodum
1147 2632 1243 2671 olim
1266 2631 1659 2678 Nabuchodonosor,
1680 2631 1809 2668 vitam

161 2794 194 2827 1.
217 2794 404 2832 Burdach,
428 2804 484 2837 op.
508 2794 580 2833 cit„
603 2799 630 2826 t.
651 2805 677 2826 11
689 2792 714 2834 ⁴,
738 2805 773 2837 p.
797 2794 877 2826 149.

163 2847 195 2880 2.
219 2846 373 2886 Ibidem,
397 2858 431 2890 p.
456 2847 536 2879 150.

161 2900 193 2933 3.
226 2899 379 2939 Ibidem,
411 2911 445 2943 p.
477 2899 557 2932 151.
663 2893 677 2906 s

160 2953 192 2986 4.
220 2952 373 2992 Ibidem,
399 2964 433 2995 p.
461 2952 628 2985 158-171.

160 3005 192 3038 5.
211 3004 278 3048 Op.
296 3006 367 3045 cit„
386 3011 412 3037 t.
430 3003 483 3045 113,
502 3016 537 3048 p.
555 3005 625 3038 398
646 3005 767 3048 (lettre
785 3003 961 3047 expediee
979 3015 1024 3036 en
1040 3004 1129 3036 1351
1151 3003 1193 3035 de
1213 3002 1431 3046 Raudnitz).

161 3059 192 3091 6.
219 3057 349 3090 Rienzi
371 3069 415 3090 ne
438 3057 508 3089 fait
530 3057 688 3090 allusion
711 3057 826 3100 qu’au
848 3063 970 3100 temps
994 3057 1037 3089 de
1060 3067 1128 3089 son
1149 3055 1233 3089 exil.
1260 3056 1289 3088 Il
1311 3061 1411 3089 resta
1433 3067 1478 3088 en
1500 3055 1627 3098 prison
1648 3055 1809 3089 environ

114 3110 204 3144 trois
230 3110 323 3144 mois
349 3121 434 3143 sous
459 3110 491 3143 le
517 3109 718 3153 pontificat
744 3111 787 3142 de
815 3109 983 3143 Clement
1007 3109 1072 3149 VI,
1090 3115 1128 3142 et
1153 3108 1235 3141 huit
1260 3120 1345 3142 sous
1372 3108 1464 3141 celui
1491 3107 1716 3141 d’Innocent
1746 3107 1799 3141 VI

684 3234 698 3251 ὓ
