2083 3458
87 166 211 221 [745]
615 184 830 209 PAPARUM
866 184 1250 209 AVENIONENSIUM
1693 169 1774 209 245

74 265 362 316 Episcoporum
387 266 798 305 Autissiodorensium
816 266 828 289 ยน
856 283 864 306 :
908 267 1017 305 Huic
1042 276 1122 305 erat
1147 268 1284 305 modus
1309 267 1464 305 vivendi
1489 268 1581 306 talis
1606 269 1708 318 quod
1733 270 1775 306 in

69 333 156 362 ortu
174 325 269 362 solis
283 324 513 375 prandebat,
529 333 562 363 et
579 320 668 363 ante
684 325 819 363 horam
838 339 963 364 nonae
977 326 1175 373 coenabat,
1193 341 1304 376 quem
1319 327 1477 364 modum
1494 341 1519 364 a
1538 327 1775 366 nutrimento

69 383 285 432 juventutis
308 392 458 422 tenerae
482 383 683 422 dicebatur
705 385 899 435 accepisse
922 400 946 423 a
970 385 1136 435 quodam
1160 385 1354 423 avunculo
1377 399 1448 423 suo
1472 386 1681 434 cardinali,
1708 387 1775 437 qui

70 442 127 480 sic
143 441 305 480 vivebat.
475 479 479 482 ,

122 501 165 540 ฮก.
192 501 280 549 163,
303 501 369 551 lig.
396 499 430 541 9.
465 501 772 540 BERTRANDUM
808 517 862 540 DE
896 503 1060 541 TURRE.
1095 503 1197 541 Cum
1229 511 1387 541 certum
1419 503 1472 542 sit
1502 503 1611 541 hunc
1644 504 1771 543 cardi-

67 561 201 599 nalem
219 560 233 582 2
248 560 371 599 fuisse
388 561 523 610 patria
541 560 852 609 Cadurcensem,
871 569 1027 600 certum
1046 576 1208 612 quoque
1225 576 1309 600 esse
1326 562 1491 600 videtur
1507 562 1771 601 vehementer

61 633 194 658 errare
218 619 490 658 Trithemium
512 619 553 657 in
575 619 678 657 libro
698 620 757 657 De
778 620 1038 670 scriptoribus
1060 621 1331 659 ecclesiasticis
1365 620 1417 671 [p.
1443 620 1558 671 225],
1584 621 1653 671 qui
1676 636 1768 660 eum

63 678 122 716 ait
141 677 275 728 patria
296 678 642 717 Mediolanensem
661 678 783 717 fuisse
804 693 854 717 ex
873 679 999 717 nobili
1025 679 1179 717 familia
1200 688 1346 718 natum
1365 688 1406 718 et
1428 679 1642 718 Nicolaum
1663 680 1767 731 Top-

63 736 177 786 pium
195 737 234 774 in
257 737 501 775 Bibliotheca
521 737 736 787 Neapolit.,
758 752 796 787 p.
819 738 881 785 48,
904 739 971 788 qui
990 739 1258 789 pervicaciter
1279 738 1491 777 contendit
1510 738 1625 776 illum
1643 740 1765 778 fuisse

66 796 217 833 Italum
237 810 289 834 ex
308 795 476 835 civitate
498 796 712 834 Theatina.
730 796 800 834 Vir
820 797 899 835 fuit
920 811 965 835 ea
987 806 1235 848 tempestate
1256 797 1436 847 insignis,
1454 798 1568 848 cujus
1589 799 1764 848 plurima

62 854 215 893 mentio
252 855 293 892 in
331 855 614 894 eruditissimis
644 855 876 893 Annalibus
906 856 1116 894 Minorum
1145 857 1278 895 Lucae
1308 856 1540 906 Waddingi,
1570 857 1622 895 ad
1664 872 1765 907 quos

60 914 308 953 remittimus
339 915 546 953 lectorem.
585 914 688 952 Illud
720 922 887 952 tantum
919 915 1122 963 addimus,
1156 915 1392 965 Gonzagam
1422 916 1463 953 in
1492 916 1766 966 Descriptione

60 973 286 1022 provinciae
318 972 561 1023 Aquitaniae
591 973 840 1021 recentioris,
874 988 961 1024 cap.
996 988 1113 1022 xx111,
1147 974 1319 1013 scribere
1351 975 1459 1025 hunc
1489 974 1766 1013 Bertrandum

61 1032 182 1071 fuisse
207 1032 436 1082 professum
461 1031 645 1071 ordinem
669 1033 800 1071 sancti
827 1033 1030 1071 Francisci
1057 1033 1100 1070 in
1132 1041 1339 1071 conventu
1365 1033 1602 1083 Figiacensi.
1632 1034 1765 1084 Hujus

58 1098 206 1129 extant
239 1091 319 1129 duo
352 1090 562 1129 volumina
597 1105 831 1130 sermonum
863 1092 905 1129 in
938 1091 1187 1130 bibliotheca
1221 1092 1463 1131 serenissimi
1497 1092 1690 1143 principis
1724 1102 1764 1132 et

57 1149 368 1189 eminentissimi
400 1150 616 1189 cardinalis
648 1150 927 1189 Emmanuelis
958 1150 1175 1189 Theodosii
1205 1151 1254 1189 de
1283 1151 1321 1188 la
1352 1151 1460 1190 Tour
1490 1151 1762 1202 d'Auvergne.

61 1209 166 1247 Item
195 1209 273 1247 tria
304 1209 345 1247 in
375 1208 625 1248 bibliotheca
657 1209 905 1248 celeberrimi
935 1224 1006 1260 per
1037 1210 1246 1260 Europam
1277 1209 1433 1259 collegii
1458 1209 1681 1250 Sorbonici.
1718 1211 1763 1248 In

58 1282 138 1306 uno
154 1282 295 1306 eorum
311 1269 366 1307 sic
381 1268 529 1318 legitur
546 1284 553 1306 :
573 1268 737 1306 Summa
756 1269 908 1306 domini
923 1268 1135 1306 Bertrandi
1150 1269 1194 1306 de
1212 1269 1335 1306 Turre
1349 1269 1526 1319 episcopi
1541 1269 1763 1308 Tusculani

54 1341 175 1377 super
198 1326 385 1377 epistolas
411 1328 455 1365 in
478 1327 612 1378 prima
637 1327 837 1365 dominica
862 1328 1065 1365 Adventus
1087 1327 1254 1365 Domini
1282 1342 1401 1377 usque
1426 1328 1478 1365 ad
1510 1329 1761 1378 quadragesi-

57 1400 174 1424 mam.
211 1387 254 1424 In
290 1386 368 1424 alio
402 1401 497 1425 vero
530 1387 585 1425 sic
620 1403 627 1425 :
663 1387 889 1437 Sequuntur
920 1387 1182 1437 expositiones
1215 1401 1303 1424 cum
1333 1386 1581 1424 sermonibus
1610 1388 1761 1425 domini

56 1444 267 1483 Bertrandi
286 1446 330 1483 de
353 1445 477 1483 Turre
496 1446 693 1496 quondam
712 1446 930 1483 cardinalis
953 1445 1172 1484 Tusculani
1192 1460 1216 1483 a
1236 1445 1368 1495 prima
1388 1445 1587 1483 dominica
1606 1447 1761 1484 Adven-

54 1512 116 1541 tus
143 1519 262 1554 usque
286 1505 339 1542 ad
360 1505 504 1554 seriam
529 1505 708 1555 quintam
733 1505 910 1543 cinerum
934 1519 1054 1555 super
1078 1505 1256 1555 epistolis
1280 1513 1314 1542 et
1338 1504 1550 1555 prophetis.
1570 1505 1760 1544 Nicolaus

53 1563 284 1611 Bertrandi,
302 1565 361 1601 De
381 1564 498 1612 gestis
520 1564 818 1611 Tolosanorum,
835 1564 904 1603 fol.
926 1563 974 1601 52
991 1580 998 1602 :
1017 1564 1155 1601 Frater
1169 1563 1413 1601 Bertrandus
1427 1564 1471 1601 de
1490 1563 1613 1601 Turre
1631 1564 1760 1614 primo

53 1636 188 1671 regens
213 1623 255 1660 in
273 1631 462 1661 conventu
487 1623 649 1661 Tolosae
669 1624 787 1673 plura
810 1637 928 1673 opera
947 1623 1177 1673 composuit,
1197 1622 1402 1672 signanter
1419 1637 1538 1672 super
1558 1623 1762 1672 evangelia

51 1689 86 1719 et
99 1681 286 1731 epistolas
301 1681 416 1732 cujus
431 1696 550 1732 opera
565 1682 757 1720 habentur
773 1682 816 1720 in
831 1691 1032 1720 conventu.
1050 1682 1131 1719 Hic
1146 1682 1364 1719 cardinalis
1379 1682 1535 1731 effectus
1550 1682 1762 1719 admodum

52 1754 122 1790 pro
141 1741 317 1779 Ecclesia
335 1740 539 1779 dimicavit
560 1741 768 1779 Tolosana.
795 1741 915 1779 Anno
935 1740 1176 1778 MDLXXV
1196 1740 1369 1779 Lovanii
1387 1740 1591 1779 Antonius
1611 1741 1760 1779 Senen-

51 1798 103 1837 sis
132 1799 283 1838 ordinis
321 1800 659 1855 Praedicatorum
687 1800 816 1839 edidit
843 1814 1072 1839 sermonem
1101 1813 1223 1850 quem
1249 1800 1502 1838 Bertrandus
1543 1799 1591 1838 de
1619 1800 1760 1848 Turre,

50 1858 263 1909 episcopus
291 1859 559 1908 Tusculanus,
588 1860 685 1898 fecit
711 1859 905 1897 Avinioni
931 1859 970 1896 in
1000 1858 1063 1897 die
1091 1858 1273 1897 cinerum
1299 1872 1407 1896 anno
1435 1858 1758 1907 MCCCXXVII,

49 1931 187 1956 coram
207 1932 315 1969 papa
337 1926 378 1957 et
399 1917 686 1957 cardinalibus.
710 1918 812 1957 Vide
832 1918 901 1958 lib.
928 1918 944 1956 I
966 1917 1315 1956 Miscellaneorum
1335 1925 1584 1965 nostrorum,
1606 1932 1644 1968 p.
1669 1916 1757 1959 213.

102 1976 146 2016 P.
184 1976 272 2025 163,
307 1977 373 2027 lig.
404 1977 465 2016 13.
497 1977 679 2015 PETRUM
718 1991 774 2014 DE
801 1977 960 2025 Pnuo,
986 1976 1071 2015 sive
1108 1976 1156 2016 de
1186 1976 1334 2024 Pratis,
1363 1976 1474 2026 quod
1502 1984 1565 2015 est
1600 1976 1756 2016 melius.

48 2034 197 2073 Ortum
220 2036 337 2074 illum
362 2050 446 2075 esse
473 2044 637 2075 constat
665 2051 684 2075 e
711 2044 844 2074 castro
870 2035 1201 2086 Montispensati,
1227 2035 1350 2085 vulgo
1377 2035 1618 2085 Montpezat,
1646 2035 1756 2086 apud

47 2093 251 2133 Cadurcos
278 2094 441 2145 illicque
468 2095 509 2133 in
538 2095 705 2134 ecclesia
736 2095 874 2134 Sancti
903 2094 1069 2133 Martini
1097 2102 1288 2133 sanctum
1312 2094 1521 2145 baptisma
1543 2094 1754 2144 recepisse.

48 2152 125 2202 Qui
151 2168 192 2193 se
218 2161 373 2204 putant
398 2153 550 2205 peritos
577 2168 713 2193 rerum
740 2153 918 2192 familiae
944 2153 1062 2193 istius
1091 2153 1321 2202 cardinalis,
1348 2152 1543 2203 reperisse
1571 2167 1611 2191 se
1638 2152 1756 2192 aiunt

46 2211 87 2250 in
124 2213 332 2251 veteribus
377 2213 656 2252 monumentis
693 2213 857 2251 illorum
901 2216 1137 2263 temporum
1176 2211 1473 2262 Raymundum
1520 2211 1568 2250 de
1606 2212 1753 2259 Pratis,

47 2270 233 2310 militaris
251 2271 466 2322 prosapiae
483 2272 632 2320 virum,
648 2272 837 2310 habuisse
855 2285 1026 2310 uxorem
1041 2271 1202 2309 Bonam
1219 2270 1431 2309 dominam
1446 2270 1584 2310 locide
1597 2270 1754 2309 Monte-

47 2338 234 2381 pensato,
264 2345 315 2369 ex
342 2344 471 2381 eoque
499 2330 764 2369 matrimonio
789 2338 927 2369 ortum
949 2330 1072 2369 fuisse
1097 2330 1224 2368 alium
1252 2329 1562 2379 Raymundum,
1591 2336 1752 2379 patrem

49 2389 265 2428 Bertrandi
292 2398 333 2428 et
359 2389 468 2428 Petri
493 2389 710 2428 cardinalis
726 2389 753 2427 3.
781 2389 936 2438 Quibus
961 2389 1186 2428 necessario
1209 2388 1422 2427 addendus
1450 2396 1512 2426 est
1534 2387 1750 2434 Geraldus3

93 2567 124 2600 1.
152 2566 217 2601 Ph.
243 2567 384 2606 Labbe,
409 2567 535 2600 Novae
560 2566 791 2600 bibliothecae
814 2567 991 2600 librorum
1014 2567 1358 2609 manuscriptorum,
1385 2572 1410 2598 t.
1434 2577 1458 2605 1,
1484 2577 1518 2608 p.
1545 2564 1626 2598 512.

87 2620 124 2654 2.
153 2620 207 2654 La
225 2620 444 2664 biographie
464 2620 509 2653 de
528 2620 715 2653 Bertrand
735 2620 779 2654 de
797 2620 834 2653 la
852 2620 953 2653 Tour
971 2631 993 2652 a
1011 2621 1070 2653 ete
1088 2619 1235 2662 redigee
1254 2630 1323 2662 par
1341 2618 1389 2651 M.
1411 2617 1475 2651 Ch.
1497 2617 1540 2651 V.
1561 2616 1748 2660 Langloisโ

43 2672 136 2706 dans
152 2673 202 2707 H.
220 2673 275 2714 Lโ
294 2679 321 2706 t.
339 2671 494 2713 xxxwl,
513 2684 548 2717 p.
567 2673 738 2706 190-203.
759 2673 837 2705 Elle
854 2673 1040 2716 complete
1057 2673 1107 2705 les
1125 2678 1232 2705 notes
1249 2671 1492 2705 rassemblees
1510 2681 1578 2714 par
1596 2669 1636 2702 E.
1655 2669 1749 2702 Albe

45 2725 203 2769 (Autour
221 2727 262 2760 de
281 2726 379 2759 Jean
398 2725 536 2766 XXII,
559 2732 585 2759 t.
606 2738 643 2766 11,
665 2737 700 2769 p.
723 2726 861 2770 71-76).
1387 2767 1394 2777 .

88 2779 122 2813 3.
144 2778 193 2813 ฮ.
214 2779 309 2812 Albe
330 2779 392 2812 nโa
412 2791 463 2823 pu
484 2779 712 2813 determiner
731 2779 836 2823 quels
857 2778 1001 2812 etaient
1020 2778 1071 2811 les
1092 2778 1318 2811 ascendants
1341 2777 1384 2809 de
1416 2776 1538 2809 Pierre
1560 2776 1622 2808 des
1646 2775 1747 2815 Prez,

42 2831 135 2866 mais
158 2832 184 2866 il
207 2843 228 2865 a
251 2831 367 2866 etabli
392 2843 483 2865 avec
508 2831 804 2865 vraisemblance
829 2843 901 2876 que
926 2831 1117 2864 Raimond
1141 2830 1204 2863 des
1230 2830 1320 2863 Prez
1344 2835 1382 2862 et
1404 2829 1545 2868 Bonneโ
1572 2828 1681 2861 dame
1706 2829 1750 2861 de

42 2884 274 2929 Montpezat,
297 2885 392 2918 dont
411 2896 460 2918 on
478 2885 511 2918 le
532 2884 646 2918 disait
665 2884 853 2929 petit-fils,
868 2884 1012 2918 etaient
1027 2895 1074 2917 en
1087 2883 1217 2917 realite
1233 2894 1300 2915 son
1317 2882 1423 2921 frere,
1441 2881 1567 2914 anobli
1582 2892 1629 2914 en
1643 2881 1748 2914 1325.

41 2943 79 2971 et
92 2949 134 2972 sa
147 2938 362 2971 belle-soeur
380 2937 440 2981 (M
441 2938 548 2971 aison
561 2937 770 2971 dโHebrard
782 2943 812 2971 et
825 2937 984 2981 samilles
997 2936 1234 2980 apparentees
1254 2946 1302 2968 ฮฟฮนฮน
1323 2935 1456 2975 ฮฑแฝถแฝทแฝทแฝฒฮตฮต,
1474 2934 1625 2974 Cahorsโ
1642 2934 1747 2973 1905,

42 3002 77 3034 p.
103 2990 290 3035 164โ165).
320 2990 510 3024 Raimond
535 2996 600 3024 eut
625 2990 711 3035 cinq
738 2990 794 3024 fils
821 3002 828 3023 :
855 2989 1053 3029 Bertrand,
1081 2988 1196 3022 marie
1222 2988 1244 3021 a
1268 2987 1431 3032 Alpasieโ
1459 2987 1621 3027 Geraud,
1650 2986 1750 3030 Ray-

44 3044 171 3084 mond,
193 3043 291 3076 Jean
311 3049 349 3076 et
371 3043 505 3077 Pierre.
