2083 3458
105 232 249 289 [1211]
620 248 836 273 PAPARUM
871 245 1256 273 AVENIONENSIUM
1714 226 1794 266 729

149 332 269 369 Hunc
298 345 391 380 ergo
422 330 492 380 qui
519 330 682 381 proprie
713 331 959 369 castellanus
990 337 1078 368 erat
1107 329 1159 366 ad
1189 343 1228 366 se
1258 335 1455 365 vocatum
1485 324 1701 374 Gregorius
1733 324 1793 361 XI

90 390 267 431 moriens
295 390 565 440 jurejurando
594 390 733 439 adegit
761 405 809 428 ne
839 389 1033 439 cuiquam
1062 396 1243 426 castrum
1272 385 1412 424 Sancti
1441 384 1583 434 Angeli
1611 384 1794 422 traderet

91 450 246 499 absque
271 463 470 487 consensu
495 448 766 488 cardinalium
790 463 889 498 quos
915 448 1106 486 diximus.
1135 447 1275 484 Refert
1298 453 1439 484 autem
1461 444 1502 481 in
1525 443 1668 482 eadem
1691 442 1793 492 epis-

87 509 175 547 tola
196 516 368 558 patruus
390 508 515 546 verba
538 508 721 557 Gregorii
740 508 792 545 ad
813 516 1007 557 nepotem
1027 506 1039 529 ยน
1064 523 1070 544 :
1094 506 1328 551 Castellum,
1350 513 1390 542 tu
1410 502 1608 553 promittis
1627 510 1661 540 et
1677 502 1791 551 juras

90 569 192 618 quod
210 576 382 605 castrum
403 567 540 605 Sancti
561 567 708 615 Angeli
729 566 802 605 tibi
822 581 891 617 per
911 580 981 603 nos
1001 565 1189 603 traditum
1203 565 1244 601 in
1256 563 1446 609 custodia,
1467 562 1502 599 si
1523 562 1566 599 de
1585 562 1656 599 liac
1678 561 1789 610 infir-

90 626 224 664 mitate
248 641 318 664 nos
339 626 437 664 mori
455 626 674 675 contigerit,
695 626 797 663 nulli
822 626 954 663 reddes
971 625 1046 662 sub
1064 639 1167 674 pena
1188 622 1426 673 proditionis
1444 630 1477 659 et
1502 619 1790 658 maledictionis

87 694 215 723 eterne
237 686 324 722 sine
348 685 587 723 conscientia
611 693 644 722 et
666 699 832 722 assensu
856 684 1107 722 dominorum
1130 682 1398 720 cardinalium
1422 681 1488 730 qui
1511 688 1604 717 sunt
1628 680 1670 716 in
1694 679 1790 716 Avi-

91 744 208 782 nione
229 760 236 782 :
259 745 460 794 quoniam,
482 752 523 782 ut
541 744 675 790 audio,
697 743 870 781 Romani
891 758 948 781 me
969 743 1203 780 moriturum
1221 749 1422 791 sperantes
1441 741 1492 778 ad
1510 754 1642 776 eorum
1662 746 1791 776 votum

90 805 318 842 Romanum
346 803 582 852 Pontificem
611 803 750 840 habere
777 803 862 852 jam
892 803 1183 840 machinantur.

145 863 343 901 Extincto
378 862 571 911 Gregorio
605 870 645 900 et
682 854 849 900 Urbzino
884 862 939 898 Vl
973 862 1116 907 electo,
1150 860 1225 898 iste
1260 867 1441 897 castrum
1475 856 1613 895 Sancti
1649 855 1790 904 Angeli

89 922 255 972 reliquit
278 922 320 959 in
343 929 552 972 potestate
579 921 689 959 Petri
716 920 917 970 Rostagni
941 935 1069 970 usque
1094 919 1146 957 ad
1173 920 1296 957 finem
1320 917 1471 968 aprilis.
1500 917 1552 954 Et
1575 924 1666 954 tum
1689 914 1790 952 illud

87 981 255 1031 repetiit
287 995 309 1018 a
344 982 481 1027 Petro,
516 980 611 1030 quia
645 980 928 1018 destinaverat
960 979 995 1018 ei
1027 979 1247 1029 praeficere
1277 977 1547 1015 castellanum
1580 974 1788 1013 concivem

91 1055 225 1078 suum.
258 1041 360 1079 Rem
389 1048 547 1090 gestam
566 1039 621 1077 sic
640 1038 812 1077 narrat2
832 1039 1025 1076 laudatus
1051 1038 1174 1088 paulo
1203 1045 1298 1075 ante
1324 1035 1546 1074 Menendus
1576 1033 1789 1083 episcopus

90 1099 378 1146 Cordubensis,
410 1100 533 1138 homo
565 1098 748 1149 partium
782 1097 939 1135 Urbani
967 1114 973 1135 :
1010 1098 1279 1145 Interrogatus
1304 1110 1423 1145 super
1452 1102 1558 1131 sexta
1590 1092 1790 1130 additione

57 1157 61 1160 i
86 1159 192 1196 dixit
215 1167 257 1196 ut
277 1172 403 1208 supra
427 1159 528 1208 quod
551 1158 699 1195 (lictum
734 1166 906 1195 castrum
929 1157 1130 1195 tenebatur
1153 1170 1223 1205 pro
1247 1170 1357 1204 papa
1386 1153 1570 1202 Gregorio
1593 1160 1682 1189 ante
1705 1151 1790 1200 ejus

90 1226 262 1264 mortem,
290 1225 324 1254 et
349 1226 436 1267 post
463 1225 622 1254 mortem
647 1231 718 1266 pro
745 1216 961 1254 camerario
987 1225 1021 1253 et
1046 1215 1322 1253 cardinalibus
1349 1227 1469 1263 usque
1493 1213 1544 1249 ad
1569 1210 1791 1248 electionem

95 1277 250 1315 Urbani
276 1277 423 1326 factam
450 1285 484 1314 et
510 1276 769 1326 publicatam,
798 1284 831 1313 et
857 1284 944 1325 post
971 1275 1172 1312 tenebatur
1198 1288 1269 1323 pro
1297 1288 1406 1323 papa
1440 1271 1613 1316 Urbano,
1643 1278 1685 1306 ut
1710 1268 1790 1305 sibi

85 1336 252 1383 videtur,
282 1336 377 1386 quia
404 1335 502 1373 vidit
529 1350 647 1372 suum
675 1335 861 1373 vefcillum
890 1335 1104 1383 gloriosum
1133 1333 1361 1371 multociens
1388 1345 1507 1380 super
1535 1330 1681 1366 dictum
1709 1342 1789 1365 cas-

86 1403 192 1433 trum
218 1396 270 1432 ad
294 1409 369 1432 sua
395 1409 508 1432 arma
534 1395 763 1444 aquilarum
790 1409 858 1444 per
884 1395 1018 1444 plures
1046 1393 1142 1439 dies,
1170 1394 1289 1430 donec
1316 1392 1442 1429 dictus
1470 1389 1655 1427 dominus
1682 1401 1791 1437 papa

84 1454 211 1492 voluit
238 1462 387 1492 mutare
414 1455 673 1492 castellanum
699 1454 749 1491 ab
777 1467 818 1490 eo
846 1462 879 1490 et
906 1467 1048 1503 ponere
1077 1453 1133 1489 ibi
1162 1452 1288 1489 alium
1316 1450 1573 1488 castellanum
1602 1446 1790 1496 Xeapoli-

84 1522 239 1552 tanum.
265 1514 315 1551 Et
337 1513 456 1551 credit
478 1514 580 1563 quod
601 1513 669 1550 lzoc
690 1513 770 1562 fuit
793 1512 835 1549 in
859 1513 937 1562 fine
959 1512 1105 1562 aprilis
1128 1512 1186 1548 vel
1207 1525 1340 1560 prope.
1366 1510 1415 1546 Et
1438 1507 1635 1558 predictus
1658 1506 1790 1543 castel-

84 1573 206 1610 lanus
228 1572 337 1610 misit
356 1572 436 1610 sibi
458 1572 537 1610 dici
559 1573 660 1622 quod
678 1572 838 1609 solveret
857 1572 937 1609 sibi
959 1573 1086 1609 decem
1108 1570 1237 1608 millia
1259 1570 1497 1619 florenorum
1518 1580 1611 1616 quos
1633 1564 1792 1602 debebat

87 1632 257 1681 recipere
276 1632 320 1669 de
338 1631 425 1669 suis
444 1631 659 1682 stipendiis
678 1639 712 1668 et
732 1632 775 1669 de
794 1631 1043 1681 reparatione
1061 1631 1166 1679 facta
1188 1629 1230 1666 in
1250 1629 1349 1666 dicto
1369 1635 1507 1673 castre,
1528 1634 1561 1662 et
1580 1632 1666 1674 post
1685 1624 1792 1660 claret

82 1691 166 1728 sibi
190 1691 338 1728 dictum
360 1699 544 1729 castrum.
571 1691 621 1728 Et
644 1690 771 1728 dictus
793 1706 901 1740 papa
933 1691 1121 1728 Urbanus
1144 1688 1278 1727 citavit
1301 1687 1448 1725 dictum
1471 1685 1727 1723 castellanum
1751 1689 1791 1718 ut

85 1758 325 1800 compareret
344 1764 474 1787 coram
494 1764 548 1788 e0.
566 1750 617 1787 Et
637 1749 764 1787 dictus
785 1750 1021 1787 castellanus
1042 1748 1161 1799 petita
1183 1747 1388 1785 securitate
1403 1754 1436 1783 et
1458 1745 1532 1794 fide
1553 1742 1654 1793 qicfod
1673 1741 1791 1778 libere

84 1818 120 1847 et
131 1823 263 1847 secure
277 1817 406 1859 posset
421 1809 475 1846 ire
488 1817 522 1847 et
535 1809 660 1846 redire
674 1810 726 1846 ad
738 1809 885 1846 dictum
899 1817 1071 1846 castrum
1095 1808 1165 1845 ivit
1177 1808 1229 1844 ad
1241 1821 1342 1843 eum.
1359 1806 1440 1855 Que
1460 1803 1580 1853 fuerit
1593 1799 1790 1839 conclusio

85 1868 219 1906 nescit.
241 1868 358 1906 Discit
380 1877 509 1906 tamen
533 1869 635 1918 quod
657 1877 814 1918 propter
839 1868 955 1905 istam
979 1867 1218 1917 questionem
1242 1866 1338 1903 dicte
1371 1861 1603 1914 quantitatis
1628 1861 1789 1910 floreno-

88 1942 177 1965 rum
199 1927 347 1965 dictum
369 1936 541 1965 castrum
564 1927 754 1965 remansit
778 1927 820 1964 in
845 1927 1032 1965 manibus
1056 1926 1149 1964 dicti
1173 1924 1376 1963 castellani
1399 1931 1505 1960 estra
1529 1918 1791 1958 obedientiam

85 1995 122 2024 et
149 1995 376 2036 potestatem
405 1986 500 2024 dicti
529 2001 633 2036 pape
668 1987 837 2024 Urbani.

142 2045 277 2083 Aliam
301 2054 445 2086 tamen
472 2045 594 2084 fuisse
623 2059 790 2084 causam
816 2045 932 2083 istius
960 2045 1145 2095 repulsae
1171 2044 1355 2081 referunt
1381 2040 1462 2087 alii,
1490 2038 1684 2078 nimirum
1708 2036 1790 2085 jus-

88 2104 314 2154 jurandum
335 2119 416 2154 quo
437 2119 476 2143 se
499 2105 644 2143 Petrus
668 2104 869 2154 Rostagni
899 2104 1177 2142 obstrinxerat
1198 2117 1246 2140 ne
1277 2109 1458 2140 castrum
1478 2098 1577 2136 illud
1599 2096 1791 2144 cuiquam

87 2164 273 2202 traderet
296 2164 451 2213 absque
476 2178 676 2202 consensu
700 2163 970 2202 cardinalium
995 2163 1064 2212 qui
1086 2168 1369 2201 remanserant
1393 2156 1607 2196 Avenioni.
1634 2155 1792 2191 Extant

86 2223 199 2272 apud
222 2223 445 2262 Odoricum
469 2223 746 2272 Raymssdum,
769 2237 834 2261 an.
859 2223 973 2268 1378,
1002 2223 1017 2253 8ยน
1034 2222 1097 2269 34,
1119 2221 1259 2259 literae
1282 2218 1441 2267 Anglici
1469 2214 1649 2266 episcopi
1670 2212 1794 2250 Alba-

89 2281 223 2331 nensis
241 2290 282 2320 et
295 2281 406 2320 Petri
423 2282 640 2320 cardinalis
657 2281 982 2332 Pampilonensis
1001 2281 1123 2330 hujus
1141 2280 1197 2318 rei
1213 2287 1353 2317 testes.
1372 2278 1417 2314 In
1431 2273 1593 2314 codice3
1610 2286 1705 2310 vero
1717 2269 1792 2308 842

91 2340 230 2379 Sancti
252 2340 427 2379 Victoris
450 2341 628 2379 habetur
642 2341 816 2391 epistola
839 2341 1077 2380 eorumdem
1094 2337 1364 2378 cardinalium
1380 2335 1531 2385 scripta
1554 2333 1605 2370 ad
1623 2332 1792 2369 Petrum

87 2400 362 2439 castellanum
388 2400 533 2439 eadem
560 2400 623 2438 die
651 2414 731 2449 qua
759 2400 955 2450 superior,
977 2399 1017 2436 in
1041 2413 1119 2448 qua
1148 2398 1182 2436 ei
1209 2397 1411 2436 mandant
1437 2402 1478 2431 et
1499 2394 1718 2430 hortantur
1744 2396 1791 2425 ut

89 2458 233 2507 statim
258 2458 416 2497 dictum
441 2467 622 2498 castrum
645 2459 793 2497 reddat
820 2459 987 2496 Urbano
1012 2458 1075 2495 vel
1099 2457 1151 2494 ad
1176 2456 1262 2505 ejus
1288 2454 1546 2493 mandatum.
1577 2451 1621 2487 ln
1654 2447 1790 2487 codice

89 2531 252 2557 rursum
280 2518 512 2555 Harlaeano
538 2526 655 2556 extat
682 2517 854 2568 epistola
878 2517 987 2555 Petri
1015 2515 1225 2555 castellani
1251 2514 1303 2552 ad
1330 2511 1553 2551 cardinales
1582 2507 1791 2546 Avenione

88 2576 355 2623 constitutos,
372 2590 476 2626 quae
491 2576 600 2616 idem
614 2585 807 2615 testatur.
826 2576 954 2614 Addit
973 2585 1113 2614 autem
1128 2583 1300 2624 patruus
1316 2572 1357 2609 in
1380 2585 1452 2609 sua
1477 2567 1731 2619 depositione
1750 2564 1767 2587 4
1783 2579 1790 2601 อพ

91 2635 221 2685 Cujus
238 2635 345 2673 litere
361 2635 658 2685 responsionem
674 2636 972 2673 Bartliolomeus
988 2642 1161 2684 spectare
1179 2632 1317 2678 noluit,
1335 2631 1402 2668 sed
1416 2629 1506 2679 fecit
1524 2624 1794 2675 multipliciter

91 2694 303 2741 molestari,
325 2694 531 2744 presertim
552 2709 641 2732 cum
663 2694 761 2732 vidit
781 2703 815 2732 et
837 2709 895 2732 me
918 2702 1094 2743 nepotem
1117 2706 1245 2730 meum
1267 2704 1346 2728 non
1367 2702 1479 2739 posse
1501 2687 1550 2724 ab
1583 2686 1654 2722 isto
1683 2684 1796 2733 firmo

92 2753 292 2803 proposito
323 2767 516 2800 revocar63
548 2754 600 2791 ad
630 2768 747 2802 quam
777 2753 1058 2790 revocationem
1088 2750 1341 2789 obtinendam
1372 2748 1484 2785 nulla
1513 2743 1702 2782 remansit
1732 2742 1797 2779 via

90 2812 195 2862 quint
217 2811 338 2861 suerit
368 2811 572 2850 intentata.
605 2811 713 2849 Nam
741 2813 853 2862 apud
881 2820 1108 2849 mercatores
1136 2824 1206 2860 pro
1237 2808 1351 2846 nobis
1380 2805 1572 2857 pecunias
1602 2801 1795 2852 deposuit.

141 2952 173 2987 1.
204 2953 272 2987 Ms.
301 2953 384 2992 cite,
413 2953 476 2986 fol.
505 2953 550 2986 64
577 2958 627 2986 ฮฝฮฟ.

141 3006 173 3039 2.
204 3006 271 3040 Ms.
298 3006 382 3045 cite,
408 3005 470 3039 fol.
497 3006 566 3039 136
590 3011 634 3040 r0.

141 3060 173 3092 3.
198 3059 239 3092 B.
267 3059 325 3099 N.,
351 3071 418 3092 ms.
435 3059 532 3092 latin
554 3059 683 3099 14643,
709 3060 773 3093 fol.
799 3061 868 3094 186
893 3065 943 3101 ฮฝแฟฆ,
969 3067 1006 3093 et
1030 3060 1180 3098 Baluze,
1207 3065 1233 3091 t.
1257 3070 1307 3097 iv,
1333 3068 1367 3100 p.
1394 3056 1476 3088 168.

139 3112 173 3145 4.
204 3112 244 3146 B.
272 3112 330 3152 N.,
356 3123 423 3145 ms.
448 3111 544 3145 latin
568 3112 697 3152 11475,
722 3113 785 3146 fol.
812 3114 856 3146 66
879 3118 923 3146 r0.
