2083 3458
96 257 249 313 [1363]
618 275 836 301 PAPARUM
872 277 1257 302 AVENIONENSIUM
1343 309 1348 311 Ἴ
1705 259 1786 301 877

84 354 250 404 scripsit
275 369 441 404 gravem
464 354 684 405 epistolam
706 356 757 393 ad
782 356 889 395 cives
917 358 1144 400 Romanos;
1168 357 1209 395 in
1233 371 1312 407 qua
1336 372 1401 395 eos
1425 357 1556 407 primo
1579 356 1787 406 redarguit

87 413 198 464 quod
217 414 293 464 ipsi
314 413 467 451 suerint
485 423 674 453 auctores
694 415 942 463 schismatis,
963 416 1108 454 deinde
1127 417 1319 454 hortatur
1338 425 1384 454 ut
1402 416 1533 454 eidem
1550 415 1785 463 Benedicto,

87 487 209 522 quem
234 473 373 511 multis
399 473 591 511 laudibus
618 483 751 521 ornat,
777 475 1056 512 obedientiam
1080 484 1305 526 praestent.
1336 476 1444 513 Hace
1469 475 1640 525 epistola
1661 475 1784 513 habe·
1823 518 1827 521 ⁵

85 540 153 569 tur
181 531 222 569 in
250 531 388 570 codice
415 530 493 570 822
520 532 794 572 bibliothecae
823 534 1082 572 Colbertinae
1101 534 1128 573 ¹.

142 591 260 628 Anno
291 591 481 641 sequenti
512 591 790 641 interrogatus
824 607 846 630 a
881 593 1052 631 ducibus
1089 593 1281 632 Franciae
1316 608 1367 630 an
1400 593 1648 643 approbaret
1675 592 1786 631 viam

87 649 278 688 cessionis
301 649 516 688 inventam
541 651 731 689 Lutetiae
757 652 798 689 in
822 652 989 690 consilio
1012 652 1121 701 regio
1145 653 1257 699 discit,
1281 661 1328 690 ut
1350 661 1412 690 est
1434 652 1475 690 in
1497 651 1626 690 veteri
1648 652 1785 690 codice

87 708 243 747 archivi
263 709 360 758 regii
381 709 617 748 Par-isiensis
639 711 666 758 2,
687 724 727 747 se
748 711 912 760 firmiter
931 719 1056 749 tenere
1075 713 1176 761 qaod
1194 726 1259 749 rea:
1277 720 1311 749 et
1329 711 1481 749 domini
1501 711 1623 749 nostri
1642 711 1784 749 habue-

87 776 178 806 runt
199 777 233 806 et
256 769 398 806 habent
418 770 567 818 jactum
591 769 743 807 domini
769 770 891 807 nostri
915 785 1019 820 pape
1041 778 1074 808 et
1097 771 1269 808 Ecclesie
1293 770 1531 808 universalis
1553 784 1785 808 recommen-

86 828 233 866 datum.
251 828 335 877 Ouo
350 828 642 878 pres-apposito,
660 828 760 866 discit
774 830 875 879 quod
889 829 974 867 visa
988 830 1177 879 opinione
1193 830 1308 878 regis,
1335 844 1405 879 que
1427 838 1482 867 est
1496 829 1561 867 via
1583 829 1785 877 cessionis,

86 886 170 937 ipse
191 895 290 924 tenet
311 886 354 924 in
373 901 448 925 sua
468 887 724 935 conscientia,
745 888 780 925 si
802 902 870 938 per
891 889 992 926 hanc
1012 889 1119 926 viam
1138 889 1328 927 cessionis
1348 904 1428 939 pax
1447 897 1481 926 et
1500 888 1595 926 unio
1615 888 1785 926 Ecclesia

85 946 211 996 possit
231 946 380 993 haberi,
403 954 438 984 et
460 946 640 984 intrusus
662 948 890 985 renuntiare
913 948 1015 995 velit,
1039 949 1141 998 quod
1161 948 1347 986 dominus
1365 956 1492 985 noster
1512 963 1621 998 papa
1642 962 1784 985 renun-

85 1005 182 1044 tiare
206 1005 325 1044 debet.
356 1005 401 1043 In
425 1013 540 1043 tomo
568 1014 683 1044 sexto
710 1006 923 1056 Spicilegii
951 1007 1210 1054 Dacheriani,
1235 1022 1274 1057 p.
1302 1006 1604 1054 141‚additur3
1630 1023 1637 1044 :
1675 1008 1787 1045 Ultra

86 1064 186 1103 dixit
218 1065 319 1114 quod
349 1065 568 1102 cardinalis
602 1065 858 1116 Pampilonie
890 1067 1068 1104 cedulam
1100 1068 1144 1104 de
1177 1081 1253 1116 qua
1286 1067 1329 1116 fit
1359 1080 1483 1104 sermo
1513 1066 1724 1116 scripserat
1752 1074 1787 1104 et

86 1124 308 1171 dictaverat,
332 1132 423 1161 tunc
444 1138 623 1161 asserens
643 1125 700 1162 sic
723 1125 834 1162 illam
854 1126 980 1174 jacere
1001 1133 1035 1163 et
1055 1134 1135 1163 tam
1154 1126 1304 1175 sortiter
1325 1126 1510 1163 vallatam
1532 1127 1632 1175 quod
1652 1126 1786 1163 nullus

85 1183 354 1221 cardinalium
372 1183 453 1233 ipsi
470 1192 599 1232 posset
614 1185 819 1223 contraire.
840 1185 1045 1235 Scriptam
1063 1184 1185 1223 fuisse
1204 1199 1328 1222 manu
1347 1184 1561 1223 cardinalis
1580 1185 1627 1223 de
1647 1186 1784 1223 Petra-

85 1243 192 1280 mala
222 1250 340 1293 patet
369 1257 419 1280 ex
447 1242 508 1281 his
540 1257 644 1293 quae
673 1244 902 1293 reserentur
931 1244 971 1281 in
1001 1252 1185 1282 extrema
1219 1244 1368 1295 pagina
1398 1245 1543 1281 harum
1579 1252 1784 1283 notarum.

140 1302 182 1340 P.
204 1301 293 1348 496,
314 1302 380 1351 lig.
403 1302 438 1340 9.
461 1294 682 1340 CAPEL¹LOS
705 1317 888 1341 RUBEOS.
912 1304 976 1341 Fr.
994 1303 1324 1341 Bliemetzrieder
1343 1317 1364 1340 a
1380 1303 1518 1353 publie
1533 1318 1587 1340 un
1605 1303 1784 1341 discours

85 1363 293 1411 prononce
319 1376 395 1411 par
422 1361 556 1399 Pierre
582 1361 729 1400 Girard
754 1365 775 1399 a
804 1362 1023 1400 l'occasion
1044 1363 1091 1400 de
1116 1363 1152 1399 la
1177 1362 1319 1400 remise
1344 1362 1411 1400 des
1436 1362 1543 1400 deux
1574 1363 1787 1412 chapeaux

87 1419 238 1467 (Sermo
262 1421 327 1458 des
350 1420 534 1469 Bisclzofs
558 1421 700 1458 Petrus
732 1421 892 1459 Girardi
920 1421 978 1459 bei
1004 1423 1068 1459 der
1097 1422 1321 1471 Uebergahe
1344 1422 1408 1459 des
1434 1421 1787 1459 Kardinalsclzutes

84 1494 138 1518 an
162 1480 301 1517 Pileas
325 1480 368 1517 cle
393 1481 517 1518 Prata
542 1481 625 1517 und
655 1480 826 1518 Galeotto
851 1482 895 1518 de
919 1481 1159 1528 Petramala,
1185 1481 1286 1518 dans
1312 1481 1479 1519 Studien
1505 1481 1586 1518 and
1609 1480 1786 1518 Mitthei-

84 1540 231 1587 langen
267 1553 341 1576 aas
376 1526 462 1577 dem
498 1540 780 1578 Benedilctiner
816 1541 899 1577 und
934 1541 1019 1578 dem
1055 1540 1395 1587 Cistercienorder,
1440 1548 1469 1578 t.
1508 1555 1598 1577 xxx
1636 1539 1785 1589 (1909),

139 1658 182 1696 P.
216 1657 306 1704 496,
338 1657 405 1707 lig.
441 1658 501 1696 15.
538 1658 660 1695 V1x1T
695 1672 1027 1697 LAUDABILITER.
1057 1659 1157 1696 Vide
1187 1658 1346 1696 diversa
1380 1658 1593 1695 hominum
1618 1657 1785 1707 judicia.

87 1716 163 1755 Hic
205 1725 351 1755 auctor
393 1717 613 1755 Galeotum
655 1717 800 1755 laudat
846 1719 956 1768 quod
999 1732 1159 1768 semper
1185 1717 1456 1768 permanserit
1485 1717 1524 1754 in
1554 1716 1787 1757 obedientia

85 1776 304 1814 Clementis
336 1776 415 1813 VII
447 1791 577 1826 neque
608 1776 797 1814 imitatus
828 1777 880 1815 sit
912 1777 1068 1815 Pileum
1110 1777 1157 1815 de
1189 1778 1327 1824 Prata,
1359 1776 1427 1826 qui
1457 1776 1576 1814 solita
1616 1776 1786 1814 levitate

83 1843 360 1885 transgressus
391 1843 480 1873 erat
509 1836 550 1873 in
581 1844 715 1874 castra
745 1836 947 1874 Bonifacii
978 1837 1087 1875 noni.
1119 1837 1271 1875 Contra
1303 1835 1499 1874 Odoricus
1534 1835 1786 1884 Raynaldus,

84 1908 150 1932 an.
176 1894 290 1942 1386,
321 1895 336 1943 ξ
361 1895 423 1941 11,
448 1895 606 1933 Pileum
628 1895 774 1933 laudat
798 1896 908 1946 quod
932 1896 983 1933 ab
1007 1895 1215 1946 apostasia
1238 1894 1467 1945 resipuerit,
1490 1903 1531 1932 et
1554 1894 1786 1951 Calcatum,

85 1968 207 2003 quem
228 1962 354 1992 vocat
375 1954 585 1992 hominem
607 1955 841 2002 vecordem,
864 1955 905 1992 in
927 1955 1074 1994 scelere
1098 1954 1396 2005 computruisse
1419 1953 1491 1991 ait.
1516 1954 1570 1991 At
1591 1953 1623 1992 si
1644 1967 1786 1992 verum

84 2027 285 2060 amamus,
318 2012 421 2051 istae
454 2014 675 2051 verborum
708 2014 982 2052 contumeliae
1016 2014 1110 2052 ferri
1141 2014 1208 2051 illo
1240 2022 1424 2064 tempore
1458 2020 1650 2063 poterant
1681 2012 1787 2050 inter

83 2072 268 2110 homines
291 2072 547 2110 diversarum
568 2073 765 2123 partium.
789 2073 866 2111 Sed
889 2088 976 2120 nos,
999 2073 1069 2123 qui
1091 2087 1233 2111 causas
1256 2073 1417 2110 illorum
1441 2071 1626 2109 odiorum
1646 2071 1788 2121 procul

83 2132 297 2178 habemus,
320 2131 390 2181 qui
411 2131 585 2170 fruimur
606 2146 704 2182 pace
727 2132 931 2170 Ecclesiae
954 2147 1079 2182 quam
1102 2140 1363 2170 sacrosancta
1386 2130 1555 2169 concilia
1579 2130 1786 2178 Pisanum,

84 2190 399 2229 Constantiense
423 2199 464 2228 et
485 2191 716 2230 Basileense
740 2191 857 2229 nobis
880 2199 1143 2242 pepererunt,
1163 2191 1357 2229 debemus
1381 2190 1585 2228 abstinere
1607 2204 1629 2227 a
1653 2189 1786 2227 verbis

83 2249 290 2300 injuriosis
320 2249 541 2288 adversum
571 2258 772 2297 mortuos,
803 2250 879 2288 nisi
909 2250 941 2288 si
974 2250 1207 2300 aliquorum
1244 2249 1441 2300 injuriosa
1480 2256 1521 2287 et
1559 2248 1786 2287 facinorosa

83 2309 186 2356 vita,
212 2308 275 2346 uti
300 2308 559 2360 quandoque·
579 2310 640 2357 fit,
667 2309 734 2347 illa
760 2318 996 2359 extorquet.

138 2366 284 2406 Obiit4
315 2367 495 2406 Viennae
528 2368 580 2405 ad
616 2369 867 2406 Rhodanum
899 2383 949 2407 ex
980 2368 1125 2406 morbo
1156 2367 1319 2414 calculi,
1351 2375 1397 2405 ut
1429 2367 1564 2413 docet,
1597 2365 1666 2415 qui
1695 2374 1786 2404 tum

83 2435 173 2465 erat
200 2427 313 2477 'apud
345 2426 616 2474 Avenionem,
648 2427 840 2466 Nicolaus
872 2428 920 2465 de
952 2427 1210 2476 Clemangiis,
1240 2427 1359 2476 epist.
1391 2440 1462 2473 ΧΠ,
1492 2425 1533 2462 111
1563 2439 1643 2474 qua
1672 2424 1785 2462 illum

85 2486 254 2524 mirifice
285 2485 443 2524 laudat.
478 2486 584 2525 Hinc
614 2501 708 2535 ergo
738 2486 868 2536 liquet
899 2486 986 2524 falli
1015 2501 1080 2524 eos
1113 2485 1183 2535 qui
1213 2485 1433 2523 Galeotum
1462 2492 1671 2522 mortuum
1701 2498 1785 2522 6556

83 2545 203 2583 aiunt
235 2544 346 2595 apud
380 2544 581 2582 Assisium
614 2545 679 2583 vel
712 2545 824 2595 apud
858 2545 1126 2583 Avenionem.
1166 2545 1285 2582 Illum
1320 2544 1594 2592 Hieronymus
1629 2542 1785 2580 Garim-

84 2604 240 2650 bertus,
262 2617 302 2653 p.
326 2603 416 2651 447,
439 2603 581 2642 scribit
605 2612 817 2642 mortuum
839 2619 924 2642 esse
946 2604 989 2641 in
1010 2612 1150 2642 monte
1174 2604 1374 2641 Alvernae
1397 2602 1437 2639 in
1459 2601 1628 2640 summis
1652 2601 1785 2652 Apen-

133 2768 164 2801 1.
179 2768 220 2801 Β.
238 2767 295 2808 Ν.,
312 2779 379 2801 ms.
394 2768 490 2800 latin
502 2768 608 2808 1463,
624 2769 687 2802 fol.
704 2770 748 2802 99
763 2774 816 2810 νο,
831 2775 869 2802 et
880 2769 1051 2803 Martene
1068 2768 1329 2812 (Amplissima
1340 2767 1507 2806 collectio,
1522 2772 1547 2799 t.
1561 2777 1584 2805 1,
1600 2765 1786 2800 ool.1543-

135 2874 166 2907 2.
191 2873 228 2907 J.
253 2873 334 2913 518,
358 2873 420 2907 fol.
446 2874 515 2906 102
537 2879 582 2915 r0‚
607 2881 644 2908 et
666 2875 836 2909 Max-tene
864 2875 1126 2919 (Amplissima
1146 2874 1312 2913 collectio,
1337 2879 1363 2906 t.
1389 2884 1450 2912 vn,
1475 2872 1542 2906 col.
1566 2871 1664 2915 472).

133 2927 165 2960 3.
193 2926 402 2969 Bellaguet,
430 2932 456 2960 t.
482 2939 521 2966 11,
549 2938 583 2970 p.
613 2928 693 2961 276.

134 2980 167 3013 4.
195 2979 266 3012 Sur
290 2979 469 3012 Galeotto
494 2980 538 3012 de
566 2980 793 3021 Petramala,
820 2980 902 3014 voir
928 2980 972 3014 N.
999 2980 1126 3013 Valois
1155 2980 1224 3023 (op.
1251 2980 1322 3018 cit„
1348 2984 1375 3012 t.
1399 2990 1437 3017 11,
1462 2990 1497 3022 p.
1525 2978 1593 3010 510
1617 2982 1655 3009 et
1679 2982 1705 3010 t.
1729 2989 1780 3017 111,

85 3044 120 3076 p.
145 3033 189 3066 43
212 3038 250 3065 et
271 3032 345 3076 89),
370 3032 408 3065 F.
435 3032 578 3065 Novati
604 3034 697 3077 (Due
718 3035 834 3067 lettere
849 3034 905 3067 del
936 3034 1123 3067 cardinale
1144 3033 1181 3067 di
1201 3032 1429 3066 Pietramala
1449 3042 1471 3063 a
1491 3030 1588 3064 Gian
1613 3030 1783 3063 Galeazzo

89 3085 267 3125 Visconti,
299 3085 524 3126 1390-1391‚
557 3086 650 3119 dans
681 3086 858 3121 Archivio
887 3087 1017 3120 storico
1047 3086 1244 3126 lombardo,
1276 3091 1302 3118 t.
1333 3096 1425 3117 XL111
1448 3083 1583 3127 (1916),
1609 3083 1656 3116 ve
1675 3082 1781 3123 serie,

86 3150 121 3182 p.
141 3137 328 3182 185-191).
