2083 3458
73 240 223 295 [1279]
591 257 809 282 PAPARUM
843 256 1228 281 AVENIONENSIUM
1678 240 1761 281 799

60 339 177 378 Senis
194 354 263 390 per
281 340 487 389 quemdam
506 341 550 378 de
568 340 704 378 ordine
722 340 1020 379 Predicatorum
1038 340 1286 391 episcopum3
1305 340 1419 390 cujus
1439 355 1578 378 nomen
1605 341 1761 379 utinam

59 399 230 436 deleatur
255 400 299 436 de
325 398 425 436 libro
452 399 667 437 viventium
693 399 955 450 temporaliter
982 408 1022 437 ut
1046 400 1242 438 scribatur
1270 400 1442 449 finaliter
1469 400 1510 438 in
1537 400 1637 438 libro
1671 400 1756 439 vite.

58 458 162 496 Sane
194 458 235 495 in
267 457 403 495 codice
436 458 660 496 colbertino
691 474 763 509 pro
796 474 894 497 voce
926 459 1224 496 Predicatoram
1253 459 1401 508 legitur
1439 460 1757 498 Carmelitarum.

59 517 136 555 Sed
155 517 265 554 istud
285 525 347 555 est
367 531 388 554 a
409 531 534 556 manu
553 518 685 557 multo
705 518 945 565 recentiore,
965 526 1006 557 et
1025 526 1190 556 constat
1208 518 1332 558 aliam
1351 518 1392 556 in
1410 533 1456 556 eo
1476 519 1563 557 loco
1586 519 1758 569 scriptu-

56 590 142 614 ram
166 576 289 614 fuisse
312 590 416 625 quae
438 590 552 614 erasa
574 585 636 615 est
657 585 704 615 ut
727 591 808 614 vox
830 577 1146 617 carmelitarum
1175 577 1557 627 superscriberetur.
1580 578 1758 616 Thomas

57 635 261 674 Jamesius
284 643 466 673 testatur
488 644 628 673 extare
652 636 764 686 apud
787 636 1096 686 Cantabrigiam
1119 636 1160 674 in
1183 636 1432 675 bibliotheca
1457 637 1613 687 collegii
1639 638 1758 676 Ema-

55 694 184 733 nuelis
222 694 372 732 librum
406 694 670 744 Dialogorum
705 695 948 733 hierarchiae
982 695 1236 733 subcoelestis
1263 695 1370 734 inter
1405 697 1682 734 orthodoxum
1718 704 1760 734 et

57 754 416 801 catechumenum,
439 754 508 791 sed
531 755 686 804 absque
708 754 873 794 nomine
895 754 1091 793 auctoris.

112 812 323 851 Hactenus
348 813 396 850 de
420 821 552 851 morte
579 813 721 851 Karoli
746 814 793 861 V,
816 813 919 863 regis
946 814 1210 852 Francorum.
1236 814 1430 864 Superest
1453 822 1500 852 ut
1524 828 1569 852 ea
1595 828 1758 864 quoque

57 886 291 910 enarremus
317 886 420 921 quae
445 886 538 922 erga
562 872 746 911 animam
769 873 855 922 ejus
880 887 902 910 a
927 888 1093 922 corpore
1118 881 1352 923 separatam
1380 882 1493 923 gesta
1518 888 1602 912 esse
1626 872 1758 923 perhi-

59 930 149 968 buit
178 931 400 969 Rodericus
427 931 769 970 Conimbricensis
798 931 1005 979 Minorita,
1030 932 1094 970 vir
1126 932 1368 982 prophetico
1394 932 1541 982 spiritu
1577 931 1759 981 insignis,

60 990 130 1040 qui
150 991 225 1028 sub
241 999 371 1029 terras
388 1005 517 1040 usque
534 991 586 1028 ad
603 991 770 1031 ultimos
788 991 936 1029 inferni
952 991 1149 1029 terminos
1167 991 1363 1041 sedesque
1378 1006 1450 1042 per
1466 991 1623 1030 somnia
1641 1002 1758 1041 pene,

56 1049 200 1101 travit.
232 1049 301 1087 Ait
329 1064 423 1099 ergo
454 1050 614 1088 Marcus
647 1050 986 1100 Ulysipponensis
1016 1051 1127 1101 apud
1155 1050 1369 1097 Bzovium,
1399 1044 1465 1089 an.
1498 1051 1612 1097 1378,
1647 1051 1663 1099 ἓ
1693 1050 1759 1089 38-

56 1108 172 1148 illum
198 1109 346 1147 dixisse
376 1109 576 1147 Karolum
612 1124 747 1159 regem
775 1109 1001 1147 Galliarum
1040 1109 1181 1160 paucis
1216 1110 1365 1148 abhinc
1390 1110 1531 1148 diebus
1559 1109 1758 1147 divinitus

55 1167 289 1207 extinctum
319 1168 443 1218 inque
476 1168 634 1206 inferno
661 1169 871 1219 sepultum
901 1183 1054 1219 poenas
1077 1169 1305 1219 dependere
1332 1169 1609 1207 atrocissimas
1637 1168 1758 1207 schis-

56 1227 192 1266 matis.
227 1227 382 1265 Bzovio
418 1227 754 1278 circumspectior
788 1236 828 1266 et
865 1228 1091 1278 sapientior
1125 1228 1394 1277 Waddingus,
1430 1242 1496 1266 an.
1535 1228 1650 1274 1381,
1684 1228 1699 1276 ἓ
1736 1228 1759 1264 2

67 1287 114 1336 [t.
134 1301 193 1334 1x,
216 1301 309 1337 pag.
332 1286 413 1335 46],
437 1286 569 1325 noluit
591 1287 738 1325 referre
761 1288 832 1325 has
868 1301 996 1336 nugas
1019 1295 1060 1325 et
1082 1288 1154 1325 has
1177 1287 1369 1337 ineptias,
1393 1288 1460 1325 sed
1484 1286 1618 1325 verbis
1642 1301 1757 1336 gene-

55 1345 208 1384 ralibus
233 1360 299 1385 eas
325 1345 517 1394 involvit,
543 1346 785 1385 historicum
809 1360 932 1395 agens
958 1346 1176 1393 sincerum,
1201 1347 1271 1384 sed
1296 1361 1368 1384 suo
1391 1346 1546 1396 judicio
1570 1354 1704 1384 utens.

111 1405 153 1443 P.
179 1405 269 1452 481,
294 1405 361 1454 lig.
386 1406 422 1443 4.
449 1406 732 1444 SEPTEMssms.
771 1405 884 1444 Lisez
918 1406 951 1443 le
977 1406 1000 1443 4
1032 1406 1254 1444 novembre
1282 1405 1481 1455 (Grandes
1513 1405 1758 1454 Chroniques

57 1465 100 1502 de
124 1464 290 1517 France,
316 1464 379 1503 ed.
409 1465 674 1512 Delachenal,
698 1473 729 1502 t.
754 1480 812 1512 111,
838 1479 877 1515 p.
905 1465 958 1513 1).

112 1524 155 1562 P.
186 1523 276 1570 481,
307 1523 373 1573 lig.
407 1524 468 1562 17.
501 1524 762 1563 ODENAnDE.
790 1522 899 1562 Vide'
923 1523 1279 1573 Walsinghamum
1301 1538 1342 1574 p.
1365 1524 1459 1571 1073
1486 1523 1760 1561 Froissartum

71 1582 117 1632 [t.
139 1597 167 1620 x
187 1597 226 1633 p.
248 1583 330 1620 246
345 1591 386 1621 et
405 1583 486 1633 sq.]
515 1591 556 1622 et
588 1584 792 1621 ,Joannem
814 1583 1060 1622 Juvenalem
1090 1583 1138 1621 de
1162 1583 1318 1621 Ursinis
1339 1582 1379 1620 in
1406 1583 1497 1620 Vita
1518 1582 1660 1620 Karoli
1686 1582 1759 1629 VI,

59 1656 99 1692 p.
124 1642 188 1689 31,
215 1642 312 1681 edit.
329 1642 475 1692 regiae,
495 1642 564 1692 qui
584 1642 743 1693 accepit
762 1657 811 1681 ex
829 1651 996 1681 auctore
1013 1642 1027 1665 1
1055 1643 1167 1680 Vitae
1189 1642 1331 1680 Karoli
1355 1643 1414 1680 VJ
1431 1642 1614 1679 nondum
1636 1641 1758 1680 edito.

114 1701 157 1740 P.
191 1701 281 1749 482,
314 1701 380 1751 lig.
415 1703 450 1740 7.
485 1702 711 1740 SUBLATUS
746 1717 985 1740 EXTITERIT.
1028 1701 1204 1740 Grandes
1245 1701 1476 1751 chroniques
1516 1702 1561 1738 de
1594 1701 1762 1747 France,

60 1760 122 1799 ed.
153 1760 415 1808 Delachenal,
442 1769 474 1800 t.
501 1776 558 1809 111,
585 1776 626 1812 p.
656 1761 788 1800 62-64.

112 1819 156 1858 Ρ.
182 1820 273 1867 482,
298 1820 365 1870 lig,
393 1820 454 1859 13.
482 1821 824 1858 LONDONIENSES
846 1820 872 1859 ².
901 1820 1002 1858 Vide
1029 1820 1399 1870 VValsinghamum,
1424 1828 1455 1858 t.
1480 1835 1507 1867 1,
1532 1835 1572 1870 p.
1599 1819 1675 1856 453
1700 1833 1760 1868 sq.

58 1886 100 1917 et
126 1879 416 1926 Froissartum,
446 1879 493 1929 [t.
522 1895 564 1927 x,
588 1894 628 1930 p.
656 1880 838 1930 94:114}

112 1938 156 1976 Ρ.
178 1938 269 1985 483,
290 1938 357 1988 lig.
380 1939 442 1977 16.
464 1939 618 1977 SYMON
643 1954 697 1976 DE
720 1939 926 1986 SUssEmA,
947 1938 1002 1977 sic
1023 1937 1157 1977 dictus
1174 1953 1195 1976 a
1215 1939 1303 1976 loeo
1321 1937 1485 1987 originis
1505 1952 1615 1975 suae.
1637 1936 1760 1975 Filius

58 1997 167 2037 enim
198 2006 287 2036 erat
320 1997 468 2047 Nigelli
499 1998 688 2048 Tyboldi.
724 1999 825 2036 Vide
858 2006 1068 2036 auctorem
1101 1998 1405 2048 antiquitatum
1441 1996 1643 2035 Ecclesiae
1675 1995 1761 2034 Bri-

61 2056 267 2104 tannicae,
299 2072 338 2107 p.
372 2058 461 2103 254,
494 2057 564 2095 ubi
595 2057 796 2108 scriptum
829 2066 890 2095 est
922 2057 1038 2095 illum
1060 2057 1181 2095 fuisse
1207 2071 1424 2095 causarum
1445 2056 1676 2094 auditorem
1720 2055 1762 2092 in

63 2124 153 2154 rota
184 2116 370 2155 Romana
398 2125 439 2154 et
467 2117 623 2155 factum
652 2117 941 2156 cancellarium
968 2116 1202 2155 academiae
1224 2115 1542 2154 Saresburiensis
1566 2115 1617 2152 ab
1642 2115 1760 2152 Inno-

63 2174 197 2213 centio
218 2176 290 2214 VI.
314 2176 371 2213 De
393 2175 524 2214 officio
545 2175 744 2214 auditoris
765 2175 1050 2214 testimonium
1070 2176 1248 2213 habetur
1267 2175 1394 2215 etiam
1413 2173 1761 2229 apudlAegidium

61 2234 333 2274 Bellameram
355 2234 396 2272 in
418 2249 506 2285 cap.
536 2235 720 2282 Veniens,
742 2250 769 2272 11
795 2236 854 2273 De
884 2235 1059 2273 testibus.
1083 2234 1381 2272 Cancellarium
1405 2232 1595 2271 ecclesiae
1627 2233 1760 2271 Sares-

63 2293 262 2332 buriensis
283 2302 323 2332 et
343 2294 600 2344 capellanum
620 2294 807 2343 ejusdem
830 2293 1058 2332 Innocentii
1078 2293 1199 2331 fuisse
1218 2301 1336 2343 patet
1355 2308 1405 2330 ex
1425 2293 1510 2342 ejus
1532 2292 1641 2329 bulla
1662 2292 1759 2328 data

63 2353 172 2403 apud
204 2353 606 2401 Villam-novam,x1
643 2353 723 2392 kal.
752 2353 842 2403 julii
874 2353 937 2403 [21
966 2352 1071 2403 juin]
1094 2367 1202 2390 anno
1232 2360 1348 2390 sexto
1381 2351 1531 2401 [1357],
1562 2364 1640 2400 qua
1665 2349 1761 2387 Wil-

63 2411 183 2451 lelmo
211 2412 260 2450 de
291 2413 527 2459 Forseneto,
556 2412 752 2462 magistro
780 2412 821 2450 in
848 2412 1053 2461 theologia
1084 2420 1125 2449 et
1160 2419 1360 2462 perpetuo
1388 2410 1540 2448 vicario
1571 2408 1760 2448 ecclesiae

62 2471 328 2520 parrochialis
360 2472 408 2509 de
440 2471 700 2518 Mildenhale,
734 2471 1001 2509 Norwicensis
1041 2470 1248 2517 dioecesis,
1279 2469 1468 2508 concedit
1497 2477 1544 2506 ut
1575 2468 1611 2506 ei
1640 2468 1761 2506 liceat

59 2529 203 2568 docere
225 2530 477 2579 theologiam
498 2530 539 2568 in
562 2531 728 2569 ecclesia
760 2529 1073 2577 Saresburiensi,
1097 2530 1150 2567 ad
1178 2529 1288 2579 quod
1311 2527 1584 2566 ministerium
1607 2527 1759 2565 electus

58 2596 147 2626 erat
170 2602 192 2626 a
219 2589 381 2627 Simone
407 2589 664 2637 cancellario,
689 2598 731 2628 et
754 2598 802 2627 ut
826 2604 908 2627 non
931 2597 1125 2627 teneatur
1148 2588 1256 2625 intra
1286 2587 1498 2626 biennium
1522 2586 1695 2624 residere
1720 2585 1761 2623 in

61 2661 134 2685 sua
153 2648 333 2686 ecclesia.
354 2648 526 2686 Factum
544 2663 628 2687 esse
646 2648 999 2698 archiepiscopum
1018 2647 1355 2686 Cantuariensem
1371 2660 1479 2683 anno
1502 2644 1761 2684 MCCCLXX

58 2805 95 2839 di
122 2805 236 2838 Paolo
263 2805 442 2849 Pelagalli
467 2812 505 2838 et
529 2818 575 2839 en
600 2818 621 2838 a
645 2806 751 2850 place
777 2806 812 2838 la
837 2805 1090 2849 composition
1114 2811 1219 2837 entre
1244 2805 1295 2837 les
1321 2805 1457 2837 annecs
1483 2804 1576 2837 1387
1602 2809 1640 2835 et
1665 2803 1759 2836 1389

60 2859 141 2903 (Op.
169 2859 241 2897 cit..
271 2864 295 2891 t.
320 2871 344 2897 1,
371 2871 405 2902 p.
432 2858 531 2902 398).

110 2912 142 2945 1.
179 2911 342 2945 Grandes
362 2912 575 2954 clzroniques
597 2912 637 2945 de
658 2912 810 2951 France,
828 2911 883 2944 ed.
910 2911 1150 2950 Delachenal,
1169 2918 1194 2944 t.
1216 2923 1267 2950 111,
1286 2922 1320 2954 p.
1345 2910 1466 2949 15-17,
1492 2910 1612 2943 20-38.
1629 2908 1763 2942 —Sur

61 2964 310 3009 l’expedition
333 2965 377 2997 de
402 2965 562 2998 Flandrc
586 2964 666 2997 voir
691 2964 733 2997 N.
758 2963 885 2997 Valois
912 2963 951 3007 (t.
974 2977 997 3004 1,
1022 2977 1056 3008 p.
1081 2964 1253 3007 360-364)
1280 2970 1317 2996 et
1344 2963 1496 2996 Lavisse
1523 2962 1699 3006 (Histoire
1721 2963 1763 2995 de

63 3018 215 3057 France,
244 3023 270 3050 t.
297 3016 364 3057 1vl‚
393 3030 428 3061 p.
458 3018 643 3061 278-281).

112 3073 141 3104 2.
172 3071 215 3103 A.
243 3070 386 3103 Reville
409 3076 447 3103 et
471 3068 534 3103 Ch'.
562 3070 873 3110 Petit-Dutaillis‚
898 3070 947 3103 Le
968 3070 1206 3103 soulevement
1229 3071 1287 3103 des
1310 3069 1538 3102 travailleurs
1560 3080 1604 3102 en
1625 3067 1762 3111 Angla-

60 3129 149 3157 terre
175 3135 219 3157 en
246 3123 351 3163 1381,
384 3123 499 3163 Paris,
530 3123 634 3156 1898.
