2083 3458
283 212 363 254 768
930 230 1082 255 NOTAE
1117 229 1177 255 AD
1212 230 1339 255 vrTAs
1591 210 1593 212 ’
1835 214 1959 269 [1244
1970 213 1990 268 ]

279 310 402 348 aliam
422 311 637 350 historiam
658 312 802 359 multo,
823 320 870 350 ut
890 311 991 351 mihi
1010 311 1189 359 videtur,
1209 311 1542 362 probabiliorem.
1568 311 1652 351 Illic
1672 327 1766 363 ergo
1786 311 1991 363 scriptum

280 378 342 407 est
372 384 505 420 regem
543 371 743 411 Karolum
774 371 930 411 misisse
965 371 1275 422 Rothomagum
1306 386 1414 410 anno
1447 372 1732 411 MCCCLXXI
1764 371 1994 423 quemdam>

280 428 478 467 ballivum
504 438 701 468 vocatum
728 431 972 470 Oudardum
986 430 1001 453 ¹
1023 431 1071 469 de
1088 431 1296 469 Atenvilla
1311 432 1376 470 vel
1398 431 1653 470 Attanvilla:
1675 446 1798 483 quem
1818 431 1988 482 quidam
2020 469 2024 475 ,

281 488 473 527 dicebant
502 490 630 527 filiun]
658 490 755 539 ejusr
772 492 946 529 nothum
974 505 1073 538 esse,
1099 490 1235 529 virum
1260 491 1462 532 audacem
1488 499 1529 530 et
1554 491 1830 530 ecclesiastico
1857 489 1993 529 ordini

280 556 427 586 natura
463 548 684 597 infensum,
719 549 835 590 illum
867 550 1005 601 ipsum
1038 550 1233 588 nimirum
1269 565 1392 600 quem
1424 551 1467 588 in
1499 551 1626 590 literis
1662 551 1834 590 Joannis
1874 548 1988 588 ducis

279 607 511 658 Biturigum
553 608 660 647 datis
697 610 808 660 apud
838 609 1145 650 Villamnovam
1180 625 1306 661 prope
1335 610 1592 650 Avenionem
1627 625 1736 649 anno
1773 609 1988 650 millesimo

281 667 594 715 CCCLXXXV,
614 683 752 707 mense
773 669 994 717 februario,
1016 684 1120 720 quae
1140 678 1288 708 extant
1307 669 1349 707 in
1368 669 1498 709 veteri
1517 671 1680 720 Regesto
1699 669 1994 709 seneschalliae

283 727 586 775 Nemausensis‚
614 728 771 778 reperio
801 729 922 768 fuisse
951 729 1236 779 tumjudicem
1265 730 1480 768 criminum
1510 731 1622 781 apud
1651 726 1856 778 Tolosam,
1873 728 1991 767 balli-

280 801 379 826 vum
407 796 624 838 propterea
654 788 774 838 juxta
805 789 977 829 modum
1004 789 1201 839 loquendi
1231 788 1483 830 Francorum
1512 798 1709 834 vocatum
1739 790 1790 827 ab
1820 797 1993 828 auctore·

286 846 398 884 Vitae
427 848 568 885 Kar-oli
596 848 669 895 VI,
697 848 809 898 apud
837 863 960 898 quem
985 848 1135 899 legitur
1161 849 1276 887 illum
1302 849 1344 886 in
1370 864 1416 887 ea
1443 850 1543 888 urbe
1564 849 1753 888 eduxisse
1781 864 1800 888 e
1828 862 1993 888 carcere·

280 907 487 955 quemdam
515 907 674 945 nomine
703 908 936 946 Oudardum
965 909 1009 946 de
1038 909 1272 956 Attarwilla,
1303 909 1432 947 viram
1462 910 1594 959 atique
1622 910 1855 960 prudentem
1882 917 1916 946 et
1946 907 1992 945 in»

277 965 445 1014 judiciis
475 975 689 1017 expertam,
723 959 837 1017 quem
867 968 910 1005 in
943 968 1035 1006 arbe
1069 968 1259 1006 ballivum
1290 969 1556 1017 constituerat,
1588 978 1622 1007 et
1652 969 1719 1019 qui
1754 968 1913 1006 hiennio
1945 967 1991 1005 in·

277 1026 489 1074 ergastulis
515 1026 806 1077 archiepiscopi
834 1027 1010 1065 detentas
1035 1028 1176 1077 fuerat.
1209 1028 1314 1067 Hinc
1342 1043 1436 1079 ergo
1464 1028 1624 1080 accepit
1652 1030 1833 1067 Joannes
1863 1029 1992 1067 Juve-

279 1085 381 1123 nalis
402 1086 449 1123 de
471 1086 627 1124 Ursinis
648 1101 753 1136 quae
773 1087 821 1125 de
839 1088 917 1126 hoc
935 1087 1023 1125 viro
1042 1087 1205 1138 scripsit
1222 1087 1265 1125 in
1282 1088 1467 1126 Historia
1485 1089 1671 1138 ejusdem
1691 1088 1848 1135 Karoli,
1867 1103 1907 1139 p.
1925 1087 1995 1135 77.

279 1144 470 1183 editionis
490 1145 637 1196 regiae.
662 1146 846 1196 Denique
867 1162 913 1185 eo
932 1162 1061 1197 usque
1080 1162 1293 1198 progressa
1314 1156 1375 1186 est
1394 1148 1598 1186 discordia
1618 1148 1725 1186 inter
1746 1147 1988 1187 Oudardum

279 1212 320 1242 et
346 1204 585 1256 Philippum
609 1206 979 1257 archiepiscopum,
1004 1206 1073 1245 illo
1098 1207 1295 1245 turbante
1321 1222 1408 1248 rem
1432 1207 1766 1255 ecclesiasticam,
1793 1207 1872 1245 alio
1897 1220 1993 1245 eam.

279 1273 583 1315 propugnante,
605 1273 653 1303 ut
674 1280 769 1306 cum
790 1266 924 1305 nullus
947 1267 1204 1305 revocandae
1226 1267 1334 1305 inter
1355 1282 1421 1306 eos
1444 1267 1686 1306 concordiae
1707 1267 1855 1307 modus
1876 1266 1988 1304 vide-

280 1332 394 1362 retur
418 1339 536 1374 posse
563 1325 742 1375 reperiri,
771 1325 893 1364 amici
920 1326 1100 1377 Philippi
1127 1326 1429 1365 destinaverint
1457 1327 1638 1366 occidere
1667 1326 1881 1365 ballivum.
1911 1325 1994 1365 Sed

282 1383 493 1434 Philippus
517 1384 744 1434 prohibuit.
774 1385 945 1425 Interim
970 1386 1188 1425 Oudardus
1212 1386 1296 1436 regi
1318 1387 1524 1437 persuasit
1547 1402 1608 1425 res
1632 1401 1725 1425 suas
1750 1386 1989 1437 pessumda-

280 1451 371 1483 tum
397 1443 444 1481 iri
466 1443 507 1481 in
529 1444 783 1484 Normannia
804 1445 1003 1495 quamdiu
1025 1446 1238 1496 Philippus
1257 1446 1339 1484 illic
1358 1455 1465 1485 esset
1483 1446 1830 1497 archiepiscopus.
1856 1446 1992 1494 Quam

281 1502 331 1540 ob
346 1517 433 1542 rem
448 1504 715 1543 vehementer
729 1505 927 1543 adversus
943 1520 1038 1546 eum
1054 1514 1285 1546 commotus
1305 1506 1482 1544 Karolus
1498 1520 1653 1557 papam
1669 1505 1910 1556 Gregorium
1927 1505 1988 1542 XI

281 1562 416 1600 oravit
435 1571 482 1601 ut
501 1563 617 1601 illum
636 1578 658 1601 a
682 1564 1008 1615 Rothomagensi
1028 1566 1225 1604 cathedra
1245 1574 1454 1607 remotum
1471 1565 1514 1603 in
1533 1566 1645 1603 aliud
1664 1580 1836 1615 regnum
1854 1573 1987 1603 trans-

282 1621 424 1669 ferret3
463 1622 587 1673 idque
628 1624 845 1674 Gregorius
886 1624 996 1672 fecit,
1033 1639 1079 1663 ac
1117 1625 1451 1675 patriarchatum
1488 1625 1914 1675 Hierosolymitanum
1954 1623 1992 1662 ei³

282 1681 414 1729 dedit;
435 1683 545 1732 quod
563 1683 759 1733 exiguum
778 1684 1026 1723 beneficium
1043 1693 1132 1724 erat
1150 1700 1224 1735 pro
1242 1693 1363 1723 tanto
1382 1685 1485 1731 viro,
1503 1693 1550 1723 ut
1568 1684 1627 1722 ait
1645 1693 1790 1723 auctor
1808 1683 1989 1723 chronici

284 1741 561 1781 Normanniae
592 1757 715 1793 supra
745 1743 954 1782 laudatus.

337 1801 454 1839 Hanc
482 1801 697 1840 historiam
726 1803 977 1842 confirmant
1004 1803 1146 1842 literae
1176 1803 1359 1854 Gregorii
1389 1804 1449 1841 XI
1478 1804 1530 1842 ad
1562 1804 1763 1842 Karolum
1791 1803 1826 1841 V
1853 1817 1994 1853 regem.

284 1860 535 1899 Francorum
554 1862 665 1912 apud
686 1862 909 1903 Odoricum
933 1863 1211 1913 Raynaldum‚
1232 1878 1298 1902 an.
1319 1863 1435 1911 1375,
1459 1864 1475 1912 ξ,
1495 1863 1559 1911 29,
1580 1872 1621 1902 et
1640 1863 1783 1902 literae
1802 1863 1987 1913 ejusdem

286 1919 426 1958 Karoli
444 1921 565 1959 datae
583 1935 692 1960 anno
710 1922 1011 1961 MCCCLXXV
1029 1922 1193 1973 quibus,
1211 1932 1258 1961 ut
1274 1923 1424 1973 legitur
1441 1923 1482 1960 in
1499 1923 1754 1961 Chartalario
1771 1921 1990 1972 archiepis-

283 1979 373 2029 copi
401 1980 759 2031 Rothomagensis‚
786 1982 921 2020 omnia
946 1991 1175 2032 attemptata
1195 1991 1328 2021 contra
1350 1983 1671 2032 jurisdictionem
1688 1981 1991 2020 ecclesiasticam

283 2053 351 2087 per
397 2039 630 2078 Oudardum
677 2042 909 2080 d’Attavilla
970 2042 1177 2080 baillivum
1224 2042 1577 2092 Rochomagensem
1622 2051 1791 2092 tempore
1838 2041 1991 2079 domini

284 2098 473 2148 Philippi
492 2100 537 2137 de
555 2100 775 2138 Alenconio
793 2102 1068 2140 annullantur.
1091 2102 1278 2140 Vacabat
1304 2110 1446 2140 autem
1464 2111 1570 2149 tum,
1589 2110 1637 2139 ut
1653 2101 1833 2148 videtur,
1855 2101 1994 2139 Eccle-

283 2156 340 2195 sia
368 2158 744 2209 Hierosolymitana
766 2175 839 2211 per
862 2160 1021 2199 obitum
1047 2161 1183 2200 fratris
1208 2161 1414 2201 Guillelmi
1439 2161 1578 2199 Militis
1603 2160 1755 2199 ordinis
1777 2160 1992 2199 Praedica-

283 2225 435 2263 torum,
482 2233 603 2268 quem
651 2220 842 2258 Urbanus
888 2220 1040 2259 fecerat
1084 2220 1365 2271 patriarcham
1412 2220 1837 2270 Hierosolymitanum
1882 2234 1994 2257 anno

284 2276 560 2326 MOECLXX,
577 2293 604 2316 x
621 2279 700 2317 kal.
725 2279 815 2329 julii
828 2327 829 2330 Ἴ
842 2280 906 2329 [22
920 2280 1011 2330 juin
1024 2280 1050 2330 ]
1072 2280 1227 2319 Deinde
1252 2294 1360 2318 anno
1378 2280 1701 2319 MCCCLXXIV
1716 2279 1823 2318 idem
1842 2279 1992 2329 Grego-

284 2335 366 2374 rius
386 2336 609 2376 Ecclesiam
626 2332 897 2377 Auscitanam
914 2339 1045 2378 eidem
1063 2339 1253 2390 Philippo
1272 2339 1583 2380 commendavit
1595 2354 1667 2390 per
1682 2353 1776 2378 eum
1791 2338 1992 2389 quamdiu

285 2395 444 2434 viveret
458 2405 499 2435 et
513 2397 643 2435 eidem
664 2398 1065 2448 Hierosolymitanae
1084 2396 1287 2438 Ecclesiae
1303 2408 1486 2449 praesset
1500 2399 1738 2446 tenendam,
1754 2398 1992 2448 regendam,

285 2462 326 2491 et
353 2455 477 2493 etiam
508 2457 832 2507 gubernandam.
864 2459 1016 2498 Verum
1045 2458 1139 2508 quia
1166 2467 1262 2509 post
1290 2467 1466 2499 mortem
1496 2458 1678 2508 Gregorii
1708 2457 1920 2508 Philippus
1948 2457 1989 2494 in

285 2522 422 2563 partes
451 2516 607 2553 Urbani
634 2517 691 2554 VI
718 2525 994 2567 transgressus
1022 2527 1097 2565 est,
1124 2518 1309 2556 Clemens
1336 2518 1417 2555 VII
1442 2532 1533 2556 earn
1561 2517 1851 2557 commendam
1875 2531 1992 2554 revo-

287 2573 412 2619 cavit,
438 2583 479 2612 et
510 2572 713 2614 Ecclesiae
740 2576 992 2615 Auscitanae
1018 2577 1216 2627 praefecit
1242 2578 1446 2615 Joannem
1474 2576 1699 2624 Flandrini‚
1725 2576 1787 2614 uti
1811 2590 1884 2614 suo
1903 2576 1992 2614 loeo

288 2631 482 2671 dicemus.
510 2634 587 2672 Sed
611 2643 707 2672 ante
734 2650 860 2685 quam
883 2636 963 2674 ista
987 2636 1043 2674 sic
1070 2637 1229 2684 fierent,
1255 2651 1349 2676 cum
1373 2637 1516 2675 sedata
1542 2636 1687 2674 fuisset
1711 2635 1768 2673 ira
1794 2635 1910 2685 regis,
1939 2635 1992 2672 ad

287 2705 407 2739 quem
425 2702 642 2743 propterea
662 2694 882 2745 scripserat
899 2709 1007 2745 papa
1023 2695 1259 2747 Gregorius,
1277 2704 1318 2734 et
1335 2695 1444 2734 idem
1461 2710 1533 2734 rex
1549 2695 1601 2733 ab
1619 2710 1665 2734 eo
1682 2695 1914 2745 postularet
1931 2694 1994 2732 uti

285 2750 564 2797 patriarcham
590 2754 843 2793 Gradensem
867 2754 1021 2793 faceret
1045 2755 1310 2802 cardinalem,
1336 2755 1667 2805 patriarchatum
1692 2768 1788 2792 vero
1812 2753 1993 2792 Graden-

288 2899 328 2929 (ἑ.
377 2900 409 2931 J.
463 2901 709 2945 Hoogewcrss',
758 2903 807 2935 Le
852 2904 1135 2937 tombeau-autel
1180 2905 1229 2938 du
1279 2905 1447 2938 cardinal
1492 2903 1672 2948 Philippe
1725 2903 1926 2944 ἀἈΖθης-οιι
1973 2905 1994 2936 ἁ

290 2952 324 2981 δ’.
361 2951 414 2983 JJ.
446 2954 495 2985 du
526 2954 740 2993 Τναείρωθνε,
773 2958 865 2990 dans
896 2957 1090 3001 MelangeS
1115 2958 1376 3001 d'arche'ologie
1404 2964 1435 2990 et
1456 2957 1653 2995 d’hisloire‚
1684 2964 1826 3005 t.xr.111
1856 2956 1990 3000 (1926),

291 3016 320 3044 g».
347 3006 465 3038 '13-60.

347 3060 371 3089 1.
398 3061 598 3093 wadardus
630 3062 696 3094 suit
735 3064 1010 3097 condemnatus
1046 3066 1092 3097 ad
1115 3077 1302 3098 carcerem
1332 3071 1560 3108 perpetuum
1584 3063 1732 3106 (Stilmn
1769 3063 1992 3105 parlamenti

292 3109 517 3145 Paris-[ensis
539 3114 574 3145 in
600 3115 886 3157 Quaestionibus
908 3118 1067 3151 Joannis
1093 3118 1201 3158 Galli,
1227 3125 1360 3162 quaest.
1387 3118 1462 3161 cix)
1498 3118 1610 3161 [Note
1635 3118 1678 3150 de
1703 3117 1878 3160 Baluze}
