2083 3458
283 187 364 229 570
935 197 1085 222 NOTAE
1120 196 1180 221 AD
1215 195 1343 220 VITAs
1839 176 1994 232 [1054]

283 283 330 322 de
354 283 507 321 France
532 282 705 328 (Mollat,
729 280 789 318 La
812 280 977 329 fiscalite'
997 278 1228 329 pontificale
1248 292 1296 315 en
1319 277 1472 315 France
1493 292 1546 315 au
1567 276 1694 314 XIVe
1714 276 1841 324 siecle,
1866 270 1995 322 Paris,

283 341 396 382 1905.
419 356 455 391 p.
479 341 557 390 21).
2023 341 2028 347 ’

337 402 377 439 P.
394 401 482 448 381,
495 401 561 449 lig.
577 401 611 438 4.
628 399 855 446 NEPOTEM,
869 397 1128 436 Bernardum
1141 397 1190 435 de
1204 396 1474 443 Castronovo,
1489 396 1558 445 qui
1572 410 1680 434 anno
1694 393 1996 433 MCCCLXXV

282 461 367 498 vita
394 460 569 498 excessit
588 458 601 481 ¹
627 458 738 508 apud
765 457 1233 507 Montempessulanum.
1258 455 1361 494 Vide
1386 455 1624 503 Gariellum,
1646 469 1734 505 par.
1761 454 1814 501 II,
1840 469 1880 504 p.
1904 453 1992 492 101.

282 519 427 558 Nescio
448 527 590 556 autem
610 531 663 556 an
685 517 922 556 existimare
945 515 1168 554 debeamus
1189 515 1307 553 illum
1329 514 1453 553 fuisse
1475 522 1613 553 ortum
1634 528 1685 552 ex
1705 514 1851 552 eadem
1872 521 2008 563 gente¹

280 592 330 617 ex
350 592 430 628 qua
451 577 606 628 prodiit
628 576 836 627 Dalphina
858 576 906 614 de
929 575 1200 622 Castronovo,
1222 575 1355 624 prima
1376 588 1481 612 uxor
1502 573 1661 612 Nicolai
1684 573 1855 611 Judicis.
1882 572 1995 611 Haec

280 638 388 677 enim
412 645 501 676 erat
526 636 698 675 oriunda
723 650 773 674 ex
798 635 971 673 dioecesi
997 634 1246 672 Mimatensi.
1274 633 1376 672 Vide
1401 647 1525 683 supra
1548 648 1587 683 p.
1614 631 1704 671 855.

334 697 376 735 P.
408 696 498 744 381,
527 697 594 745 lig.
625 694 661 734 8.
694 695 917 732 RECUSARI
957 707 1205 732 ORDINAVIT.
1241 693 1355 731 Idem
1392 700 1534 731 tamen
1563 707 1646 730 non
1684 698 1994 742 repugnaverat

283 756 435 794 Karolo
472 755 539 803 IV,
572 754 827 805 imperatori,
860 754 991 792 simile
1023 752 1180 803 aliquid
1214 752 1395 791 facienti.
1432 752 1534 791 Cum
1566 752 1676 790 enim
1706 751 1738 789 is
1774 750 1993 789 Guillelmo

280 816 446 854 domino
478 815 526 853 de
558 814 724 853 Grisaco
755 814 1023 852 concessisset
1053 820 1236 850 castrum
1265 811 1390 862 Burgi
1422 811 1562 850 Sancti
1595 810 1777 861 Sepulcri
1808 809 1992 848 civitatis

280 875 444 914 Castelli
477 874 685 922 dioecesis,
708 872 827 911 hunc
853 872 986 922 liquet
1013 871 1231 909 Urbanum
1260 870 1511 910 consensisse
1539 870 1651 920 quod
1677 869 1895 920 Gregorius
1929 868 1992 906 XI

277 934 320 972 in
343 934 471 972 initiis
498 934 559 971 sui
585 932 858 983 pontificatus
885 931 1065 970 scribens
1092 930 1144 969 ad
1171 930 1404 981 Anglicum,
1431 931 1672 980 episcopum
1697 928 1991 976 Albanensem,

281 994 465 1043 legatum
488 992 645 1040 Italiae,
665 992 723 1030 illi
741 999 783 1030 et
802 991 935 1030 eidem
955 991 1122 1028 domino
1140 990 1188 1028 de
1206 990 1373 1028 Grisaco
1387 997 1643 1040 potestatem
1657 988 1755 1027 fecit
1773 987 1875 1026 illud
1894 1001 1991 1026 ven-

279 1052 401 1091 dendi
423 1052 545 1090 alicui
565 1051 755 1090 servitori
777 1058 819 1090 et
840 1050 1133 1089 confoederato
1157 1049 1371 1088 Romanae
1395 1049 1600 1088 Ecclesiae
1623 1048 1672 1087 de
1694 1061 1776 1097 quo
1797 1047 1928 1085 statui
1951 1054 1992 1085 et

275 1112 393 1150 terris
430 1111 666 1161 praedictae
706 1110 919 1149 Romanae
957 1109 1176 1156 Ecclesiae,
1201 1117 1242 1147 et
1277 1108 1466 1159 partibus
1504 1106 1872 1146 circumstantibus
1908 1119 1992 1144 non

276 1172 406 1222 possit
429 1171 567 1209 venire
590 1170 833 1209 scandalum
855 1183 988 1218 neque
1011 1169 1224 1209 damnum,

330 1231 372 1270 P.
396 1230 485 1278 382,
505 1231 572 1280 lig.
597 1229 657 1268 10.
683 1229 731 1267 ΙΝ
755 1229 932 1266 DOMINO
954 1242 1200 1273 REQUIEVIT.
1227 1228 1273 1265 In
1294 1227 1433 1266 codice
1452 1226 1468 1250 2
1487 1240 1725 1266 sermonum
1746 1225 1919 1264 Joannis
1942 1224 1991 1263 de

278 1290 544 1337 Cardalhaco,
572 1288 834 1339 patriarchae
861 1288 1145 1335 Alexandrini,
1174 1295 1293 1326 extat
1325 1301 1450 1324 sermo
1480 1301 1550 1337 per
1575 1286 1754 1323 eumdem
1788 1284 1920 1334 factus
1947 1284 1992 1321 in

276 1349 475 1399 obsequiis
499 1348 652 1386 domini
683 1347 839 1386 Urbani
863 1362 968 1398 pape
997 1347 1032 1390 V
1055 1347 1099 1384 in
1122 1347 1278 1385 civitate
1303 1346 1519 1396 Spoletana
1542 1360 1674 1383 coram
1697 1345 1836 1394 legatO,
1862 1343 1991 1382 cardi-

278 1409 362 1446 nali
392 1407 651 1446 Bituricensi.

284 1499 286 1501 .
330 1468 372 1507 P.
403 1467 492 1516 382,
520 1468 587 1517 lig.
619 1467 679 1506 14.
711 1466 950 1505 MIRACULIS
981 1479 1283 1504 conuscANDo.
1317 1464 1413 1504 Ita3
1439 1465 1566 1513 etia-m
1593 1463 1740 1513 reliqui
1768 1462 1988 1513 scriptores

281 1526 394 1566 Vitae
413 1527 599 1576 ejusdcm
620 1525 862 1576 Urbani,v[t.
897 1524 930 1576 Ι]
950 1540 988 1576 p.
1011 1525 1101 1572 393,
1122 1525 1212 1573 404,
1234 1524 1324 1573 406,
1346 1534 1387 1563 et
1408 1524 1646 1571 Petrarcha,
1665 1523 1735 1561 lib.
1760 1522 1870 1560 XIII
1895 1522 1986 1567 Rer.

275 1587 405 1634 senil„
439 1587 556 1636 epist.
592 1600 684 1633 x111;
718 1585 964 1635 Radulphus
1002 1586 1051 1624 de
1084 1585 1205 1633 Rivo,
1239 1598 1328 1635 cap.
1366 1599 1435 1633 v11,
1467 1584 1527 1622 De
1560 1583 1679 1633 gestis
1709 1583 1988 1632 episcoporum

275 1645 538 1683 Leodensium
567 1645 620 1696 [p.
645 1645 692 1683 17
706 1644 739 1695 ];
757 1644 1091 1695 Walsinghamus
1123 1643 1169 1694 [t.
1190 1658 1216 1692 1,
1238 1658 1277 1694 p.
1300 1643 1402 1694 311]
1424 1651 1466 1683 et
1484 1644 1527 1682 in
1541 1643 1683 1693 primis
1702 1642 1887 1680 Clemens
1904 1640 1987 1678 VII

275 1705 386 1755 apud
408 1705 631 1743 Odoricum
656 1704 937 1754 Raynaldum,
955 1718 1020 1743 an.
1049 1703 1164 1752 1381,
1189 1702 1284 1752 §48
1313 1703 1521 1742 Robertus
1547 1702 1747 1750 Gervasii,
1769 1701 1986 1751 episcopus

277 1763 525 1812 Senecensis,
544 1764 587 1802 in
612 1772 799 1802 tractatu
825 1763 886 1801 De
904 1763 1115 1801 schismate
1141 1763 1339 1801 adversus
1366 1762 1736 1800 Bartholomaeum
1761 1760 1986 1799 Barensem

275 1824 519 1874 antipapam
545 1824 586 1861 in
610 1823 748 1862 codice
773 1821 876 1861 2761
896 1821 913 1845 4
940 1822 1218 1862 bibliothecae
1249 1822 1523 1869 Colbertinae,
1554 1821 1623 1860 fol.
1655 1820 1706 1858 24
1732 1826 1782 1868 r0,
1810 1821 1983 1869 loquens

276 1883 324 1920 de
344 1883 512 1921 Urbano
534 1883 567 1920 V
586 1883 644 1921 ita
662 1882 806 1922 scribit
823 1898 830 1920 :
847 1882 972 1919 Porro
993 1883 1065 1920 iste
1089 1882 1280 1920 Urbanus
1299 1890 1432 1919 sancte
1451 1881 1552 1919 rescit
1566 1880 1787 1919 Ecclesiam
1805 1887 1985 1916 sanctam

272 1942 349 1979 Dei
368 1950 402 1980 et
422 1942 563 1980 multos
580 1956 759 1980 excessus
779 1951 814 1980 et
830 1950 989 1991 peccata
1007 1943 1120 1979 varia
1137 1941 1188 1979 ab
1205 1941 1386 1979 Ecclesia
1402 1941 1478 1978 Dei
1497 1949 1532 1978 et
1548 1955 1572 1978 a
1590 1939 1688 1977 ‚viris
1709 1937 1985 1977 ecclesiasticis

274 2001 498 2050 extirpavit,
514 2010 548 2039 et
562 2015 601 2038 se
620 2001 663 2038 in
680 2001 867 2039 omnibus
882 2001 1041 2050 prebuit
1058 2001 1332 2050 exemplarem.
1350 2001 1402 2038 Et
1415 2001 1511 2050 ycleo
1527 1998 1726 2037 modernis
1740 1996 1985 2047 temporibus

274 2060 414 2098 divina
430 2061 679 2110 providentia
697 2075 766 2110 per
783 2075 872 2097 eum
888 2061 1013 2098 multa
1028 2060 1224 2097 miracula
1238 2069 1435 2109 operatur.
1454 2059 1661 2097 Observat
1675 2066 1818 2096 autem
1838 2056 1983 2095 Petrus

274 2119 323 2158 de
344 2119 561 2158 Herentals
582 2134 675 2158 eum
695 2120 880 2165 nondum
903 2134 989 2158 esse
1008 2120 1315 2166 canonizatum,
1337 2118 1448 2169 quod
1464 2132 1607 2157 verum
1628 2125 1703 2157 est.
1726 2116 1822 2154 Fuit
1841 2124 1984 2153 tamen

274 2179 369 2217 olim
399 2179 468 2228 qui
497 2179 679 2218 crederet
715 2180 831 2218 illum
860 2179 984 2217 fuisse
1021 2179 1326 2217 canonizatum.
1360 2178 1423 2217 Sic
1451 2179 1560 2217 enim
1588 2178 1738 2227 Legitur
1765 2177 1806 2214 in
1844 2175 1983 2213 codice

272 2236 375 2275 2672
391 2237 407 2260 5
437 2238 711 2277 bibliothecae
741 2238 1014 2285 Colbertinae,
1046 2238 1113 2276 fol.
1145 2237 1220 2276 108
1241 2253 1248 2275 :
1274 2237 1454 2288 Explicit
1477 2245 1665 2275 tractatus
1691 2236 1735 2273 de
1754 2234 1985 2285 pluralitate

276 2297 553 2346 beneficiorum
583 2298 711 2336 editus
742 2312 810 2347 per
840 2298 1047 2335 dominum
1081 2297 1306 2334 Johannem
1337 2297 1382 2334 de
1411 2296 1611 2346 Lyniano,
1645 2295 1850 2344 utriusque
1877 2292 1984 2342 juris

320 2425 351 2458 1.
381 2426 549 2459 Bernard
566 2427 609 2459 de
629 2426 830 2460 Castclnau
849 2427 981 2460 devint
997 2428 1140 2471 evaque
1158 2427 1189 2460 le
1208 2428 1227 2460 8
1244 2426 1327 2470 juin
1344 2426 1437 2459 1370
1455 2431 1494 2459 et
1509 2431 1664 2458 mourut
1681 2425 1713 2457 le
1731 2425 1750 2457 7
1769 2434 1868 2456 mars
1887 2421 1981 2455 1376

274 2477 418 2520 (Eubel,
440 2479 671 2520 Hierarchia,
693 2487 718 2513 t.
738 2492 762 2519 1,
784 2491 819 2524 p.
841 2480 940 2524 390).
1621 2482 1624 2488 ’

321 2531 351 2564 2.
381 2532 421 2565 B.
447 2532 503 2572 N.,
526 2545 593 2566 ms.
615 2533 711 2566 latin
730 2533 836 2573 3294,
859 2534 921 2567 fol.
945 2534 1014 2567 209
1035 2538 1078 2567 r0.
1101 2553 1149 2556 —
1168 2532 1239 2566 Sur
1258 2533 1294 2566 la
1314 2538 1414 2565 mort
1436 2531 1623 2566 d'Urbain
1643 2531 1686 2572 V,
1709 2530 1791 2564 voir
1817 2528 1981 2564 Grandes

271 2584 481 2627 cleroniques
506 2587 545 2618 de
569 2586 710 2620 Franco
736 2587 805 2630 (ed.
834 2587 1074 2628 Delachenal,
1100 2593 1127 2620 t.
1151 2599 1189 2627 11,
1215 2597 1250 2630 p.
1277 2585 1358 2630 149)
1397 2586 1544 2629 d’apres
1577 2584 1772 2629 lesquelles
1805 2583 1837 2616 le
1872 2582 1978 2615 deces

271 2644 335 2669 eut
357 2638 430 2670 lieu
453 2640 602 2672 environ
623 2640 730 2672 heure
752 2640 793 2673 de
815 2641 925 2683 midy.
950 2640 1063 2673 Selon
1083 2639 1360 2674 l'information
1382 2639 1593 2682 canonique
1615 2637 1792 2671 instruite
1814 2648 1862 2669 en
1884 2634 1979 2668 1390

275 2690 676 2732 (Albanes-Chevalier,
695 2693 801 2726 Actes
818 2695 978 2733 ariciens,
1000 2700 1026 2727 t.
1043 2706 1067 2735 1,
1087 2705 1123 2738 p.
1143 2693 1226 2736 426)
1246 2693 1278 2726 le
1296 2703 1393 2736 pape
1412 2698 1567 2725 mourut
1589 2693 1685 2725 circa
1701 2691 1827 2724 horam
1843 2698 1980 2723 nonam

272 2743 311 2775 in
334 2754 475 2777 camera
499 2746 625 2778 domus
648 2746 887 2780 habitationis
912 2747 1052 2780 domini
1075 2746 1278 2780 cardinalis
1300 2746 1539 2786 Albanensis,
1563 2744 1692 2788 januis
1715 2742 1926 2788 patentibus
1948 2745 1980 2773 et

272 2798 405 2838 apertis
431 2799 590 2831 omnino.
616 2799 675 2831 Un
703 2800 1072 2842 milanaisvresidant
1099 2811 1145 2833 en
1181 2799 1358 2843 Avignon
1385 2799 1526 2832 manda
1557 2799 1579 2831 a
1605 2798 1779 2831 Bernab6
1807 2793 1978 2829 Visconti

272 2860 341 2891 quc
368 2850 618 2893 lkvjenement
644 2863 680 2884 se
707 2852 894 2895 produisit
919 2854 1016 2886 circa
1039 2853 1165 2886 horam
1191 2853 1367 2886 decimam
1390 2857 1552 2885 octavam
1573 2851 1626 2894 (L.
1647 2851 1746 2891 osio,
1759 2845 1979 2883 Documenli

273 2902 496 2944 diplomalici
522 2905 618 2936 tratti
644 2905 742 2947 dagli
766 2905 918 2939 Archivi,
943 2906 1135 2946 Milanesi,
1163 2906 1290 2946 Milan,
1317 2906 1422 2946 1864,
1450 2912 1476 2939 t.
1501 2917 1525 2945 1,
1552 2917 1588 2948 p.
1614 2904 1712 2948 150).

320 2956 351 2988 3.
380 2956 464 2988 Voir
485 2957 863 2991 Albanes-Chevalier
887 2960 955 3002 (op.
979 2960 1037 3000 cit,
1062 2966 1087 2993 t.
1110 2971 1134 3000 1,
1158 2971 1192 3003 p.
1217 2959 1386 3000 124-365,
1410 2957 1598 3002 426-480).

319 3008 350 3039 li.
384 3009 420 3040 13.
456 3009 511 3046 Ν.,
544 3021 609 3042 ms.
643 3011 736 3043 latin
766 3010 870 3044 1467.

320 3061 350 3092 5.
385 3061 419 3093 Η.
453 3062 507 3099 N„
537 3074 601 3095 ms.
631 3064 724 3095 latin
750 3063 855 3103 4225,
884 3064 945 3098 fol.
975 3065 1045 3098 104
1072 3069 1121 3098 νο.
