2083 3458
256 234 342 275 832
911 246 1063 272 NOTAE
1099 245 1159 270 AD
1194 244 1322 269 VITAS
1717 229 1720 231 ’
1820 228 1972 285 [1316]

262 341 401 371 vetera
433 330 697 381 exemplaria.
726 330 771 367 In
790 329 936 367 Diario
960 329 1018 379 [p.
1043 328 1118 366 199
1140 335 1181 366 et
1204 326 1296 377 218]
1333 341 1430 365 vero
1455 325 1625 364 Joannis
1651 326 1773 364 Fabri
1795 325 1975 377 episcopi

262 391 523 431 Carnotensis
555 404 715 440 semper
745 389 938 428 scribitur
970 389 1208 436 Mentenay,
1237 386 1280 424 in
1310 386 1473 435 Regesio
1503 385 1790 423 CXXXVIII
1819 385 1976 425 archivi

261 451 359 502 regii
384 450 509 489 Paris.
533 452 577 488 de
599 449 883 499 ildenthenagso,
905 447 978 486 ubi
998 455 1173 486 vocatur
1195 446 1508 485 archidiaconus
1533 445 1737 484 Ecclesiae
1762 444 1974 484 Remensis

261 525 368 548 anno
404 509 785 556 MCCCLXXXIV,
821 508 884 546 die
919 522 1023 545 xxv1
1058 505 1308 546 novembris.
1348 505 1459 543 Inter
1492 505 1754 543 Probationes
1787 505 1975 543 historiae

263 570 504 616 Sabatidiae,
543 584 582 619 p.
620 568 709 616 252,
748 568 990 607 nominatur
1026 566 1209 617 egregius
1247 565 1361 603 miles
1401 564 1640 603 Franciscus
1679 565 1727 603 de
1765 563 1976 611 Meritone,

263 629 540 668 Gebennensis
565 627 775 675 dioecesis,
799 642 908 665 anno
933 626 1140 674 MCCCCI,
1166 625 1229 664 die
1254 640 1311 663 xv
1334 624 1512 674 augusti.

317 690 359 728 P.
388 689 477 735 490,
507 689 572 738 lig.
604 688 665 726 18.
696 687 925 725 AMEDEUM
956 701 1010 724 DE
1041 686 1249 725 SALUCHS.
1281 684 1507 734 Nunquam
1535 683 1658 721 fuisse
1686 679 1978 722 consecratum

262 749 502 800 episcopum
523 747 862 786 Valentinensem
881 746 976 784 hinc
997 746 1128 796 liquet
1149 744 1260 795 quod
1281 744 1403 782 isthic
1424 752 1598 782 vocatur
1618 752 1787 781 tantum
1808 744 1977 787 electus,
1995 782 1998 785 Δ

262 817 303 847 et
323 808 433 859 quod
453 808 587 846 factus
608 816 669 846 est
687 815 857 845 tantum
877 806 1074 845 diaconus
1095 803 1328 843 cardinalis.
1351 803 1428 842 Sed
1447 812 1589 842 tamen
1609 803 1801 841 eumdem
1820 803 1976 854 episco-

262 878 410 919 patum
431 882 670 906 concessum
692 866 749 904 illi
769 866 893 904 fuisse
914 865 957 903 in
978 864 1268 904 commendam
1287 863 1300 886 1
1323 863 1528 913 colligitur
1548 878 1599 901 ex
1616 862 1761 900 Diario
1793 862 1848 913 [p.
1881 861 1974 912 200]

265 927 436 966 Joannis
473 926 595 965 Fabri
628 925 810 977 episcopi
844 924 1122 972 Carnotensis,
1156 923 1229 961 ubi
1261 923 1514 962 adnotatum
1546 931 1608 960 est
1641 922 1693 960 ad
1729 922 1840 961 diem
1873 937 1977 959 xxlv

265 987 499 1026 novembris
539 986 636 1024 anni
676 984 1021 1025 MCCCLXXXV
1060 983 1313 1023 cardinalem
1351 982 1607 1021 Saluciarum
1647 982 1889 1022 redeuntem
1926 982 1978 1019 ab

261 1047 506 1097 episcopatu
526 1061 599 1084 suo
622 1045 842 1084 Valentino
863 1044 1054 1083 visitasse
1076 1042 1249 1082 Mariam
1269 1042 1453 1092 reginam
1475 1041 1633 1080 Siciliae
1657 1041 1870 1091 filiumque
1891 1042 1978 1092 ejus

265 1121 399 1157 regem
422 1106 682 1145 Ludovicum
702 1105 814 1156 apud
835 1106 1012 1144 Pontem
1033 1103 1198 1154 Sorgiae
1220 1119 1227 1141 ;
1249 1103 1302 1140 Le
1322 1102 1504 1140 cardinal
1523 1102 1567 1139 de
1588 1101 1751 1139 Saluces
1771 1109 1913 1139 venant
1936 1101 1980 1138 de

265 1181 336 1204 son
353 1166 504 1204 evesche'
522 1167 565 1204 de
588 1166 755 1203 Valence
773 1165 892 1202 visita
910 1164 1102 1202 Madame
1119 1171 1152 1201 et
1169 1163 1200 1201 le
1218 1177 1299 1210 '031-

320 1226 438 1264 Anno
463 1224 869 1272 MCCCLXXXVH,
893 1223 956 1262 die
978 1222 1084 1273 jovis
1109 1237 1216 1260 xxlx
1247 1221 1428 1272 augusti,
1460 1220 1571 1271 apud
1609 1220 1980 1270 Rupemmauram,

265 1285 337 1323 ubi
364 1294 464 1324 tunc
493 1299 602 1336 papa
632 1285 816 1324 Clemens
847 1292 950 1331 erat,
981 1284 1126 1322 Petrus
1156 1280 1375 1321 cardinalis
1407 1280 1712 1318 Ebredunensis
1743 1280 1979 1330 colloquens

267 1360 360 1385 cum
378 1346 537 1383 Joanne
555 1344 747 1395 episcopo
764 1342 1009 1382 Carnotensi
1024 1356 1256 1381 sermonem
1272 1340 1415 1378 intulit
1432 1340 1480 1378 de
1498 1339 1768 1378 matrimonio¹
1781 1337 1982 1378 Ludovici

244 1405 369 1459 ⁴regis
402 1404 561 1443 Siciliae
594 1419 688 1442 cum
721 1404 801 1441 filia
836 1402 997 1441 comitis
1030 1401 1172 1441 Sancti
1204 1400 1334 1439 Pauli.
1369 1399 1595 1450 Episcopus
1627 1413 1724 1437 vero
1754 1398 1898 1438 retulit
1928 1398 1981 1437 ad

267 1465 451 1514 reginam
477 1462 651 1504 Mariam
676 1471 854 1503 matrem
880 1461 1093 1501 Ludovici.
1124 1461 1196 1499 Die
1223 1460 1316 1498 dein
1341 1459 1520 1498 secunda
1546 1458 1695 1498 mensis
1721 1457 1981 1509 septembris,

267 1533 431 1562 mutato
449 1523 631 1571 consilio,
648 1523 759 1561 idem
775 1521 994 1561 cardinalis
1012 1530 1053 1560 et
1070 1520 1288 1560 cardinalis
1307 1519 1563 1558 Saluciarum
1580 1519 1768 1558 eamdem
1783 1518 1982 1568 reginam,

269 1598 372 1634 quae
400 1592 488 1622 erat
515 1583 637 1634 apud·
656 1584 1027 1634 Rupemmauram,
1056 1580 1256 1619 adeuntes
1284 1579 1448 1617 nomine
1486 1578 1646 1618 comitis
1688 1578 1829 1616 Sancti
1849 1577 1984 1617 Pauli

269 1744 488 1786 (Duhamel,
509 1749 545 1776 ut
563 1743 674 1786 infra,
693 1754 728 1786 p.
748 1742 846 1785 148),
865 1742 897 1775 le
915 1742 960 1775 16
978 1740 1054 1774 mai
1072 1740 1221 1784 d'apres
1237 1752 1290 1772 un
1306 1739 1463 1782 registre
1482 1739 1545 1771 des
1560 1737 1814 1781 Obligationes
1831 1738 1984 1780 (Baum-

271 1804 414 1840 garten,
436 1802 472 1829 ut
489 1797 600 1840 infra,
619 1808 653 1840 p.
672 1797 771 1839 127).
790 1796 839 1829 M.
858 1795 898 1828 L.
919 1795 1109 1828 Duhamel
1126 1805 1147 1826 a
1162 1793 1269 1827 reuni
1287 1793 1350 1826 des
1367 1792 1692 1835 renseignements
1709 1803 1773 1824 sur
1785 1803 1826 1824 sa
1839 1791 1981 1824 famille

271 1858 305 1883 et
327 1851 453 1893 publie
472 1862 541 1884 son
558 1856 770 1882 testament
787 1849 914 1892 redige
932 1849 964 1882 le
985 1849 1028 1882 28
1048 1848 1143 1881 avril
1162 1848 1254 1881 1391
1278 1847 1501 1890 (Testament
1519 1846 1569 1878 du
1585 1845 1755 1878 cardinal
1769 1845 1929 1888 Jacques
1944 1845 1985 1878 de

272 1905 487 1948 stlontenay,
516 1905 609 1937 dans
634 1904 803 1936 Annales
829 1903 1055 1945 d’Avignon,
1086 1908 1112 1935 t.
1139 1913 1179 1935 1v
1209 1901 1345 1944 (1916),
1374 1912 1408 1943 p.
1437 1899 1626 1941 151-159).
1647 1898 1723 1932 Son
1742 1898 1982 1942 temoignage

271 1958 398 1990 relatis
412 1958 432 1990 a
447 1958 482 1990 la
497 1957 696 2000 legitimite
714 1958 757 1990 de
773 1956 944 1990 Clement
958 1956 1034 1989 VII
1049 1962 1106 1988 est
1120 1955 1353 1988 interessant
1368 1954 1389 1985 ἐι
1401 1953 1489 1986 lire:

324 2012 414 2044 Item
430 2012 483 2044 sic
501 2017 592 2044 tenet
610 2017 640 2044 et
659 2011 812 2053 firmiter
829 2011 959 2043 asserit
976 2015 1007 2042 et
1025 2009 1182 2052 affirmat
1199 2009 1294 2052 quod
1310 2008 1476 2051 prefatus
1496 2007 1668 2039 dominus
1684 2011 1802 2039 noster
1818 2005 1985 2039 Clemens

272 2071 321 2097 est
349 2066 491 2104 unicus,
520 2077 623 2097 verus
649 2070 679 2097 et
703 2065 803 2097 solus
828 2076 941 2108 papa,
970 2064 1131 2096 vicarius
1157 2062 1320 2105 ejusdem
1346 2061 1487 2094 domini
1515 2060 1629 2093 nostri
1656 2059 1775 2092 Jhesu
1791 2059 1929 2092 Christi
1955 2064 1985 2092 et

271 2130 453 2151 successor
471 2119 589 2151 sancti
609 2118 710 2151 Petri
729 2118 911 2161 Apostoli,
933 2117 1107 2150 canonice
1126 2121 1157 2149 et
1175 2114 1397 2149 concord‘ter
1415 2114 1559 2147 ellectus
1579 2125 1643 2157 per
1665 2113 1985 2146 reverendissimos

273 2178 392 2215 patres
411 2178 532 2205 sancte
551 2183 700 2204 romane
719 2171 879 2204 Ecclesie
897 2170 1115 2204 cardinales.

324 2226 415 2258 Item
432 2226 526 2268 quod
543 2222 928 2269 dampnatememorie
944 2224 1223 2257 Bartholomeus
1237 2223 1277 2255 de
1289 2222 1532 2264 Pringinaco,
1547 2221 1636 2253 olim
1651 2220 1851 2253 Barrensis
1868 2219 1986 2252 archi—

223 2274 231 2278 *
274 2280 479 2322 episcopus,
504 2285 661 2322 tempore
683 2290 751 2322 quo
775 2279 925 2318 vivebat,
950 2278 1023 2321 suit
1045 2278 1230 2320 antipapa
1245 2282 1276 2309 et
1290 2275 1544 2313 antechristus,
1572 2275 1719 2307 invasor
1740 2279 1771 2306 et
1792 2278 1986 2317 occupator

275 2333 452 2365 violentus
470 2338 500 2365 et
520 2332 683 2375 injustus
702 2332 834 2365 Sancte
852 2331 958 2364 Sedis
971 2331 1178 2374 apostolice,
1194 2341 1258 2374 per
1277 2329 1567 2372 impressionem,
1586 2327 1798 2360 violentiam
1815 2332 1846 2360 et
1862 2332 1986 2370 poten-

275 2387 364 2418 tiam
389 2387 549 2419 notorias
573 2386 837 2424 Romanorum,
864 2390 894 2418 et
919 2386 959 2418 in
983 2385 1079 2418 dicta
1099 2383 1189 2416 Sede
1214 2384 1381 2416 intrusus
1406 2394 1469 2425 per
1489 2381 1656 2414 dominos
1674 2392 1856 2420 romanos,
1883 2380 1987 2413 nulla

275 2440 443 2471 electione
468 2440 648 2472 canonica
672 2440 890 2483 precedente,
917 2444 958 2478 et,
985 2439 1018 2471 si
1044 2449 1116 2481 qua
1138 2437 1212 2481 suit
1235 2437 1333 2480 sacta
1368 2436 1409 2469 de
1436 2435 1507 2474 illo,
1535 2435 1657 2467 electio
1681 2434 1755 2477 suit
1780 2434 1987 2472 nulla‚'nec

278 2504 440 2535 unquam
458 2493 587 2525 tribuit
604 2493 678 2525 sibi
697 2493 847 2535 aliquod
863 2492 934 2535 jus,
955 2492 1018 2524 sed
1035 2492 1134 2524 debet
1153 2491 1225 2524 dici
1245 2490 1404 2523 intensio
1417 2494 1447 2521 et
1467 2500 1540 2521 non
1553 2488 1674 2521 electio
1690 2493 1837 2531 propter
1853 2498 1986 2520 causas

275 2547 519 2588 supradictas,
538 2546 584 2578 Et
599 2547 682 2589 pari
700 2547 802 2578 modo
817 2545 1009 2587 confitetur
1025 2545 1131 2577 illum
1145 2544 1219 2587 qui,
1238 2544 1279 2576 de
1295 2554 1395 2581 novo,
1415 2543 1503 2575 dicit
1515 2553 1590 2574 esse
1605 2542 1783 2580 intrusus,
1800 2541 1876 2583 sore
1890 2540 1986 2573 anti-

277 2610 415 2641 papam
442 2605 472 2631 et
499 2600 772 2638 antechristum,
805 2600 1010 2632 invasorem
1038 2604 1068 2631 et
1096 2598 1317 2630 turbatorem
1345 2597 1455 2629 totius
1472 2587 1769 2633 christianitatis,
1790 2605 1983 2637 omnesque

277 2652 368 2683 alios
396 2653 469 2694 qui,
500 2653 591 2685 dicto
620 2653 767 2685 domino
796 2652 977 2685 Clemente
1004 2653 1153 2690 vivente,
1182 2655 1426 2693 cognarentur
1452 2660 1630 2692 occupare
1644 2652 1837 2691 papatum,
1862 2648 1930 2680 scit
1956 2651 1987 2679 et

278 2710 367 2737 tenet
387 2717 460 2737 esse
479 2707 693 2749 antipapas,
716 2711 746 2739 et
767 2707 806 2738 in
827 2707 897 2739 ista
918 2705 987 2748 fide
1007 2705 1081 2738 vult
1101 2705 1216 2738 vivere
1235 2709 1265 2737 et
1286 2704 1382 2736 diem
1400 2708 1598 2735 extremum
1613 2701 1779 2734 claudere
1798 2705 1829 2733 et
1843 2700 1988 2733 reddere

278 2759 444 2790 animam
460 2758 632 2792 Creatori.
652 2759 861 2792 Presentem
875 2759 1082 2792 clausulam
1098 2758 1172 2790 vult
1189 2769 1252 2801 per
1268 2757 1460 2789 dominum
1472 2755 1728 2793 Franci-scum,
1745 2754 1831 2786 dicti
1845 2753 1987 2786 domini

280 2812 392 2843 nostri
417 2823 512 2854 pape
536 2813 790 2851 camerarium,
817 2813 951 2854 corrigi
976 2817 1006 2845 et
1031 2812 1071 2844 in
1096 2812 1180 2855 ipsa
1203 2811 1290 2843 addi
1315 2810 1368 2843 vel
1392 2809 1514 2842 minui
1537 2808 1739 2841 secundum
1767 2807 1987 2839 voluntatem

278 2876 394 2896 suam.

330 2918 399 2948 Sur
418 2918 447 2949 le
468 2918 636 2950 cardinal
656 2919 699 2951 de
720 2918 968 2961 Monthenay,
991 2917 1073 2950 voir
1087 2918 1349 2960 Baumgarten
1366 2916 1463 2958 (Von
1476 2915 1535 2948 der
1547 2913 1795 2957 apostolichen
1816 2913 1985 2952 Kanzlei,

309 2996 313 3000 .
342 2970 493 3002 lio-127
517 2997 522 3003 .

281 2981 301 3011 p
336 3023 360 3053 1.
393 2971 563 3055 A111‹3)1·111
592 3026 742 3057 nomme
766 3026 909 3067 eveque
933 3025 977 3057 de
1000 3024 1163 3057 Valence
1182 3023 1214 3056 le
1237 3024 1257 3055 4
1281 3022 1487 3055 novembre
1511 3021 1617 3060 1383,
1635 3026 1673 3053 et
1692 3020 1808 3063 garda
1830 3019 1865 3051 la
1888 3030 1988 3052 com-

285 3076 416 3107 unt-nde
432 3077 474 3107 ‹lu
489 3083 547 3108 cot
561 3078 698 3110 eveche
713 3078 762 3109 du
778 3079 820 3110 23
836 3078 1033 3111 decembre
1047 3078 1141 3110 1383
1156 3088 1203 3110 au
1217 3076 1311 3109 mois
1326 3076 1369 3108 de
1382 3075 1465 3119 juin
1478 3075 1572 3107 1388
1590 3073 1736 3115 (Eubel,
1752 3072 1985 3111 Hierarchia,

286 3134 413 3170 l.1‚p.
441 3130 536 3171 513).
