2083 3458
98 265 222 320 [996]
614 281 830 307 PAPARUM
865 280 1249 306 AVENIONENSIUM
1697 263 1782 306 513

85 362 129 400 in
158 364 388 401 consistorio
419 365 574 413 quando
605 364 709 401 venit
738 365 789 401 czsl
819 364 952 413 ipsum
982 363 1212 401 ambaxator
1240 378 1286 402 ex
1326 372 1436 414 parte
1470 364 1574 412 regis
1613 363 1782 401 Castelle

83 436 190 460 anno
204 423 372 460 Domini
390 422 546 460 MCCC
562 423 864 471 septuagesimo,
886 423 1026 460 ultima
1044 423 1106 460 die
1124 423 1270 460 mensis
1288 424 1443 472 aprilis.

138 481 180 520 P.
209 481 299 529 360,
325 482 392 531 lig.
423 481 482 520 19.
513 482 630 529 QUAS
660 496 799 519 secum
834 496 1050 520 DUXERAT.
1084 482 1199 519 Istud
1226 496 1369 520 verum
1396 496 1477 520 non
1505 490 1578 520 est.
1610 481 1776 519 Etenim

85 539 349 588 Froissartus,
375 549 404 579 t.
432 555 516 587 vm,
540 555 578 590 p.
606 554 681 577 xx1
707 549 746 578 et
771 540 887 578 28-31
914 555 990 590 sq„
1008 549 1189 579 testatur
1212 555 1278 579 eas
1303 541 1344 579 in
1367 541 1612 579 Vasconiam
1630 541 1776 578 ductas

83 613 167 637 esse
191 608 285 649 post
310 607 483 637 mortem
510 599 638 649 patris
664 607 845 645 tantum,
872 608 912 637 et
937 600 1150 649 aliquanto
1175 608 1269 649 post
1295 614 1435 639 earum
1460 600 1777 649 primogenitam

82 658 268 707 nupsisse
304 658 455 696 Joanni
491 658 584 696 duci
621 658 895 696 Lancastriae.
935 658 1068 696 Vide-1
1105 659 1230 697 etiam
1266 659 1619 708 Walsinghamum
1667 658 1710 708 [t.
1749 671 1777 705 1,

80 731 118 766 p.
142 716 243 767 313]
266 717 335 766 qui
355 717 666 755 matrimonium
686 717 797 754 istud
820 717 1002 766 assignat
1023 731 1130 754 anuo
1152 717 1470 755 MCCCLXXII.

134 775 176 814 P.
204 775 293 823 360,
318 776 384 825 lig.
412 775 472 814 29.
501 775 691 813 VACAVIT
718 775 842 814 Ech.
872 777 1035 814 CAssiN.
1064 791 1134 825 per
1160 785 1335 814 mortem
1358 777 1500 826 Angeli
1528 776 1677 823 Ursini,
1705 775 1774 825 qui

80 847 187 872 anno
214 835 427 873 millesimo
455 835 696 873 CCCLXIII
723 835 930 873 extinctus
957 843 1037 881 est3
1061 843 1154 884 post
1182 836 1296 884 cujus
1320 844 1495 873 mortem
1522 836 1712 873 Urbanus
1740 835 1773 871 V

81 907 171 931 eam
194 892 418 932 Ecclesiam
440 894 521 944 regi
544 894 640 932 fecit
662 894 820 943 integro
842 894 1018 933 triennio
1041 908 1111 943 per
1133 895 1377 943 apostolicos
1404 895 1625 942 ministros,
1648 902 1693 931 ut
1715 894 1772 931 ait

81 952 275 1001 Ughellus
307 952 351 1002 [t.
372 968 398 1000 1,
419 954 492 991 col.
514 952 627 1002 572]
650 953 751 991 Vide
770 953 984 999 Bzovium,
1006 967 1069 991 an.
1094 953 1209 1000 1366,
1236 952 1252 1000 S
1273 953 1309 1000 6,
1330 962 1369 991 et
1389 953 1618 991 Bullarinm
1638 953 1773 990 Cassi-

81 1025 211 1059 nense,
232 1026 270 1061 p.
294 1011 382 1058 281,
405 1012 619 1050 constitut.
645 1026 811 1050 chxx1.

136 1070 176 1108 P.
199 1070 288 1118 361,
310 1071 375 1120 lig.
401 1071 434 1109 7.
459 1071 627 1108 ULTIMA
649 1085 803 1108 MENs1s
824 1084 998 1109 APRILIS.
1020 1070 1257 1108 Bonifacius
1289 1071 1336 1109 de
1359 1071 1590 1119 Amanatis,
1619 1072 1659 1109 in
1683 1085 1771 1120 cap.

80 1128 196 1168 Sane.
216 1129 276 1167 De
295 1130 412 1178 elect.,
434 1130 492 1167 ait
517 1145 524 1167 :
545 1130 596 1167 Et
615 1131 672 1167 sic
690 1130 782 1179 jecit
801 1130 835 1168 (I.
865 1129 1053 1167 Urbanus
1079 1129 1124 1176 V,
1147 1130 1240 1166 dum
1261 1130 1305 1167 (le
1335 1130 1409 1167 ista
1430 1130 1583 1167 civitate
1603 1130 1772 1167 Avenio-

79 1188 194 1225 nensi
216 1189 371 1226 recessit
391 1204 461 1238 pro
484 1190 610 1226 eundo
633 1189 813 1236 Romam,
838 1189 1013 1226 videlicet
1034 1189 1096 1226 die
1120 1189 1259 1226 ultima
1282 1189 1426 1238 aprilis
1445 1188 1459 1211 2
1481 1204 1587 1226 anno
1606 1188 1773 1226 Domini

79 1247 420 1296 MCCCLXVII,
466 1249 559 1298 quia
602 1249 724 1286 voluit
765 1248 1012 1285 audientiam
1056 1262 1267 1301 cansarum
1306 1257 1340 1285 et
1382 1248 1773 1286 contradictoriarum

79 1320 276 1344 remanere
298 1307 342 1344 in
362 1307 566 1344 Avenione
588 1322 708 1357 usque
729 1308 780 1345 ad
800 1307 903 1344 diem
923 1307 966 1344 X
987 1307 1086 1344 maii
1108 1315 1200 1344 tunc
1219 1307 1426 1356 sequentis.
1451 1307 1501 1345 Et
1522 1316 1614 1344 tnnc
1646 1315 1771 1344 trans-

79 1365 170 1404 tulit
190 1380 276 1403 eam
299 1366 351 1403 ad
372 1366 567 1403 civitatem
596 1366 894 1413 Viterbiensem,
920 1367 975 1403 ita
999 1367 1100 1415 quod
1121 1366 1157 1402 si
1180 1365 1295 1415 lapsa
1327 1366 1389 1403 die
1412 1366 1453 1402 X
1487 1366 1571 1415 ipse
1595 1374 1772 1403 mortuus

76 1423 219 1473 suisset
241 1425 283 1462 in
307 1425 457 1473 itinere,
483 1425 614 1474 fienda
636 1434 718 1463 erat
738 1425 868 1463 electio
892 1425 933 1462 in
963 1425 1149 1463 Viterbio.
1175 1425 1226 1462 Et
1247 1425 1299 1462 ad
1319 1425 1423 1462 hunc
1447 1425 1578 1474 finem,
1609 1434 1648 1462 ut
1679 1433 1772 1462 tiene

79 1483 242 1531 dicebat,
271 1484 373 1532 fecit.

134 1542 175 1581 Ρ.
204 1542 293 1590 361,
320 1543 386 1593 lig.
415 1543 451 1582 8.
483 1543 693 1581 Rsscnssm
721 1558 775 1580 DE
805 1543 1020 1581 ΑνιΝῙΟΝΕ
1048 1543 1214 1593 insuper
1242 1543 1394 1581 habitis
1425 1543 1565 1580 Karoli
1594 1543 1640 1590 V,
1668 1542 1771 1591 regis

80 1601 344 1648 Francorum,
363 1602 563 1651 precibus,
592 1603 661 1651 qui
685 1603 815 1652 primo
841 1603 952 1640 misit
974 1603 1026 1640 ad
1050 1616 1143 1640 eum
1167 1602 1406 1640 Anselmum
1426 1601 1442 1624 3
1466 1602 1700 1651 quemdam,
1725 1610 1771 1639 ut

78 1661 226 1710 legitur
242 1661 283 1698 in
299 1661 508 1699 invectiva
528 1662 744 1711 cujusdam
759 1662 863 1699 Galli
880 1662 1076 1700 adversus
1097 1661 1376 1708 Petrarcham,
1395 1670 1537 1711 postea
1557 1661 1770 1699 Nicolaum

79 1719 321 1768 Oresmium,
353 1729 399 1758 ut
430 1728 547 1770 patet
576 1735 626 1758 ex
655 1729 769 1759 tomo
801 1729 949 1770 quarto
973 1721 1177 1758 Historiae
1204 1720 1485 1758 Universitatis
1510 1718 1770 1766 Parz'siensis,

77 1792 115 1828 p.
141 1778 229 1816 396.
258 1779 380 1817 Porro
404 1779 612 1817 invectiva
636 1780 703 1817 illa
729 1780 838 1817 edita
861 1780 1020 1829 jamdiu
1045 1788 1107 1817 est
1129 1780 1237 1817 inter
1260 1780 1455 1829 opuscula
1481 1779 1770 1829 Symphoriani

78 1837 324 1887 Champierii
340 1836 366 1877 4.

131 1896 359 1935 Richardus
379 1897 702 1947 wasseburgius,
722 1898 789 1936 sol.
809 1897 897 1945 436,
917 1898 975 1935 ait
993 1912 1132 1936 omnes
1151 1898 1390 1945 cardinales,
1411 1906 1589 1947 quatuor
1605 1905 1771 1935 tantum

77 1956 271 2005 exceptis,
288 1964 448 1994 secutos
465 1971 548 1994 esse
564 1971 728 2006 papam.
747 1957 800 1994 At
817 1957 857 1994 in
874 1957 1161 1995 continuatore
1178 1957 1333 1995 Gallico
1350 1957 1498 2006 Nangii
1510 1957 1551 1994 in
1567 1956 1703 1995 codice
1723 1953 1774 1992 43

76 2013 348 2053 bibliothecae
375 2015 632 2054 Colbertinae
651 2015 666 2037 5
693 2016 886 2054 dicuntur
912 2016 1033 2054 fuisse
1061 2016 1254 2066 quinque.
1279 2017 1391 2064 Quae
1416 2016 1690 2065 discrepantia
1717 2015 1771 2052 sic

76 2073 174 2111 mihi
208 2074 370 2112 videtur
399 2089 515 2123 posse
547 2075 751 2113 conciliari
782 2083 828 2112 ut
859 2076 1039 2125 quinque
1071 2075 1261 2113 dicantur
1290 2075 1544 2122 remansisse,
1576 2074 1644 2112 sed
1676 2074 1770 2123 quia

74 2145 178 2169 unus
198 2147 351 2181 eorum,
370 2133 409 2170 id
430 2142 504 2180 est,
523 2133 715 2183 Aegidius
736 2128 1016 2181 Albornotius,
1046 2142 1134 2172 erat
1151 2143 1242 2171 tum
1260 2134 1300 2171 in
1324 2134 1455 2182 Italia,
1475 2134 1573 2171 dum
1606 2147 1771 2182 compu-

74 2198 263 2229 tarentur
286 2192 510 2231 cardinales
535 2193 602 2242 qui
627 2207 719 2230 cum
744 2193 911 2231 Urbano
936 2208 1014 2231 non
1039 2201 1169 2241 erant,
1194 2201 1373 2243 quatuor
1395 2201 1562 2230 tantum
1585 2205 1770 2230 numera-

45 2246 49 2250 *
73 2249 239 2297 bantur,
265 2251 359 2300 quia
384 2259 494 2289 certo
516 2260 608 2290 tum
630 2260 747 2290 erant
770 2260 938 2291 tantum
962 2262 1151 2302 quatuor.
1180 2253 1368 2302 Hincque
1396 2253 1554 2290 sactum
1578 2259 1639 2289 est
1662 2259 1707 2288 ut
1729 2251 1771 2288 in

74 2309 211 2347 codice
240 2323 320 2359 quo
348 2309 657 2360 Wasseburgius
686 2311 883 2349 utebatur
911 2320 1045 2350 essent
1073 2320 1240 2350 tantum
1269 2319 1458 2360 quatuor.
1492 2310 1543 2347 Hi
1575 2324 1667 2359 ergo
1694 2310 1772 2347 iter

73 2382 153 2405 non
181 2368 388 2407 confecere
415 2383 508 2408 cum
536 2370 729 2407 Urbano:
757 2370 949 2420 Aegidius
975 2371 1255 2416 Albornotius,
1280 2370 1553 2418 Raymundus
1577 2369 1625 2406 de
1653 2368 1770 2405 Cani—

121 2503 153 2536 1.
183 2503 273 2536 Voir
295 2503 534 2544 Delachenal,
557 2517 614 2549 op.
638 2506 709 2545 cit.,
734 2512 759 2539 t.
782 2518 833 2545 111,
858 2518 892 2549 p.
917 2507 997 2539 372.

128 2557 158 2589 2.
176 2556 267 2589 Voir
286 2556 423 2590 Baluze
450 2555 488 2599 (t.
509 2569 560 2598 iv,
583 2570 618 2602 p.
642 2558 738 2602 131),
756 2559 890 2592 Kirsch
909 2558 998 2602 (Die
1008 2558 1255 2602 Rizckkehrffl.
1274 2558 1347 2601 18),
1367 2558 1463 2591 Prou
1480 2550 1628 2601 (effnde,
1643 2570 1676 2601 p.
1693 2558 1767 2601 68).

121 2610 153 2642 3.
186 2609 242 2642 En
264 2610 358 2643 avril
379 2611 471 2644 1367
493 2622 565 2644 une
588 2612 810 2645 ambassade
831 2612 1031 2646 solennelle
1054 2612 1147 2651 vint,
1173 2612 1215 2645 de
1238 2612 1272 2644 la
1294 2618 1381 2655 part
1403 2612 1452 2644 du
1473 2611 1527 2644 roi
1550 2612 1593 2643 dc
1617 2611 1770 2651 France,

73 2662 240 2706 supplier
261 2663 405 2696 Urbain
426 2663 459 2695 V
481 2663 524 2697 de
548 2664 695 2698 differer
716 2676 783 2698 son
806 2665 950 2708 depart.
975 2665 1072 2697 L’un
1094 2665 1156 2697 des
1178 2665 1477 2703 ambassadeurs,
1501 2665 1634 2697 maitre
1656 2664 1771 2697 Ancel

74 2714 278 2759 Choquart‚
305 2727 496 2759 prononea
520 2717 552 2749 le
579 2717 744 2750 discours
771 2718 859 2761 qu‘a
884 2718 1011 2762 publie
1037 2719 1086 2750 du
1111 2717 1243 2750 Boulai
1268 2728 1353 2750 sous
1378 2718 1410 2750 le
1436 2729 1524 2749 nom
1551 2717 1594 2750 de
1624 2716 1771 2750 Nicolas

74 2767 237 2801 Oresme.
270 2768 326 2801 En
353 2769 482 2802 realite
510 2781 549 2803 ce
578 2770 724 2804 dernier
750 2783 981 2814 personnage
1010 2783 1053 2804 ne
1083 2770 1166 2803 vint
1193 2782 1259 2814 pas
1286 2782 1333 2802 en
1359 2770 1534 2813 Avignon
1562 2770 1772 2812 haranguer

75 2820 219 2854 Urbain
243 2821 286 2861 V,
305 2833 352 2854 au
377 2833 467 2855 nom
487 2823 537 2855 du
561 2823 615 2856 roi
631 2823 674 2856 de
706 2823 847 2857 France
879 2824 1132 2867 (Delachenal,
1154 2823 1318 2856 Histoire
1346 2824 1386 2856 de
1414 2823 1561 2856 Charles
1588 2823 1630 2861 V,
1663 2828 1688 2854 t.
1716 2835 1768 2862 111,

74 2885 110 2917 p.
133 2874 319 2918 515-523).

121 2927 154 2960 4.
182 2927 293 2961 Liber
316 2928 357 2960 de
379 2928 615 2971 quadruplice
638 2929 722 2969 vita,
748 2929 867 2972 Lyon,
893 2929 1004 2969 15073
1030 2929 1061 2962 le
1086 2928 1294 2972 pamphlet‚
1322 2929 1415 2961 dont
1439 2928 1535 2961 Jean
1557 2929 1601 2962 de
1628 2928 1771 2961 Hesdin

72 2984 129 3012 est
150 2979 324 3020 sautem,
352 2980 466 3023 figure
490 2981 582 3013 dans
604 2981 776 3016 l’edition
799 2983 861 3015 des
884 2993 1031 3014 oeuvres
1056 2982 1098 3014 de
1124 2981 1340 3025 peti-arque,
1364 2981 1465 3021 13313,
1488 2982 1593 3020 1581,
1617 2992 1652 3024 p.
1677 2981 1771 3015 1060

78 3031 172 3074 (voir
199 3032 438 3073 Delachenal‚
468 3033 540 3067 loco
566 3033 706 3077 citato).

121 3085 153 3118 5.
184 3085 224 3119 Β.
252 3085 310 3125 N.⁷
335 3097 403 3120 ms.
429 3086 589 3128 francais
615 3086 722 3127 2614,
747 3087 809 3121 fol.
837 3088 905 3121 239
929 3092 962 3119 r⁰
985 3093 1023 3120 et
1049 3087 1211 3120 Grandes
1234 3087 1444 3130 chroniques
1468 3088 1509 3121 de
1532 3087 1673 3120 Franco
1700 3087 1767 3130 (ed.

76 3136 314 3178 Delachenal,
337 3144 363 3172 t.
382 3150 420 3178 11,
441 3151 476 3182 p.
497 3139 570 3183 32).

761 3223 923 3245 BALUZE.
950 3214 997 3246 ΙΙ.
1018 3231 1065 3236 —
1081 3215 1123 3245 17
