2083 3458
306 252 377 291 120
944 265 1093 290 NOTAE
1128 264 1187 288 AD
1223 263 1349 288 VITAs
1871 246 2000 302 [643]

298 350 516 388 (Ilcmcntis
539 351 647 387 bulla
671 351 780 399 apud
805 349 1024 387 Odoricum
1050 347 1326 397 Raynaldum,
1348 347 1456 385 inter
1478 361 1579 396 quos
1601 354 1833 386 recensetur
1855 346 2002 385 Arnal·

298 410 371 446 (lus
395 409 482 447 istc.
1667 450 1668 453 Ἴ

357 468 521 507 lutei-im
545 483 635 505 cuin
653 482 759 506 anno
778 466 1034 513 MCCCVHI,
1051 473 1145 516 post
1162 465 1309 503 Azouis
1329 465 1511 503 Estensis
1538 473 1726 511 mortem,
1746 464 2003 513 Franciscus„

301 529 423 565 frater
447 528 546 575 ejus,
572 535 612 564 et
637 527 808 573 Priscus,
837 526 941 563 filius
966 525 1125 575 spurius
1151 524 1312 571 Azouis,
1350 525 1398 562 de
1424 524 1629 562 Ferrariae
1662 523 1832 574 imperio
1866 523 1999 562 decer-

302 595 434 624 tarent
455 601 581 635 eaque
603 594 770 635 captata
792 585 1000 623 occasione
1022 584 1168 622 Veneti
1186 584 1230 622 in
1248 583 1359 621 illam
1379 583 1572 621 invadere
1593 591 1852 630 conarentur,
1873 582 2004 621 immo·

299 653 578 694 occupassent,
630 645 811 682 Clemens
858 644 890 681 V
947 657 1054 693 papa
1096 657 1306 693 processus
1323 643 1333 664 ¹⁷
1402 643 1498 680 fecit
1539 643 1734 680 adversus
1777 656 1843 680 eos
1891 656 2004 680 anno·

301 704 499 742 §mmlx
531 704 572 742 in
615 718 738 741 coena
776 703 953 749 Domini,
988 703 1029 739 id
1064 710 1138 749 est,
1175 702 1238 739 die
1273 717 1391 739 xxvn
1429 701 1581 748 martii,
1617 710 1658 739 et
1692 716 1789 739 mox
1826 715 1872 739 ea
1908 716 1999 752 pro-

298 764 430 800 vincia
458 764 618 801 decreta
635 763 648 784 2
670 757 850 800 Arnaldo
876 761 1071 799 cardinali
1087 761 1135 799 de
1160 761 1377 811 Pelagrua3
1404 761 1584 811 dataque
1604 775 1679 811 pro
1694 775 1805 798 more
1828 760 2002 811 imperia

298 822 496 872 episcopis
521 830 567 859 ut
592 822 625 860 ei
650 822 839 859 adessent
855 835 1029 870 eumque
1055 820 1263 870 juvarent,
1279 829 1327 858 ut
1353 821 1412 858 ait
1427 821 1593 858 Carolus
1621 820 1834 870 episcopus
1863 820 1999 858 Nova-

298 881 436 919 riensis
465 881 506 919 in
532 881 633 919 libro
662 881 838 918 secundo
860 881 918 917 De
939 880 1178 917 Novar-lensi
1203 879 1375 927 ecclesia,
1400 895 1438 930 p.
1465 880 1554 926 438,
1579 879 1620 916 id
1646 887 1720 926 est,
1749 879 2003 930 imperatum

299 940 497 990 episcopis
524 940 584 977 uti
621 940 753 989 legato
790 940 1069 989 persolverent
1106 939 1427 989 procurationes.
1470 938 1665 988 Sequenti
1703 953 1824 989 porro
1862 952 2004 977 mense

298 999 413 1049 aprili
443 999 608 1037 nuntios
647 999 805 1037 venisse
843 999 1071 1037 Bononiam
1108 999 1156 1036 de
1182 998 1261 1036 ista
1297 998 1498 1048 legatione
1535 998 1705 1036 Arnaldi
1742 998 1866 1036 fidem
1901 997 2001 1036 facit

299 1058 622 1105 Ghirardaccius,
649 1058 718 1095 lib.
744 1058 855 1104 XVI,
878 1058 984 1096 Hist.
1004 1058 1172 1104 Bonon„
1194 1073 1232 1108 p.
1257 1058 1343 1096 527.
1368 1058 1468 1096 Vide
1491 1056 1668 1095 Micham
1690 1057 1886 1104 Madium,
1904 1057 1999 1095 His-

299 1117 417 1154 toriae
436 1118 478 1154 de
497 1117 757 1163 Barbazaniffi
778 1131 864 1167 cap.
884 1132 937 1155 lv.

355 1177 399 1214 In
419 1176 618 1226 excerptis
639 1191 688 1214 ex
707 1176 826 1213 Libro
845 1176 1133 1225 obligationum
1151 1177 1301 1214 archivi
1327 1176 1511 1214 Vaticani
1528 1175 1544 1198 3
1562 1176 1614 1214 ad
1634 1191 1697 1214 me
1719 1172 1850 1214 Roma
1870 1175 2005 1214 missis

297 1235 543 1274 adnotatum
565 1243 626 1273 est
647 1236 873 1273 Arnaldum
896 1236 1069 1274 Sanctae
1091 1235 1242 1273 Mariae
1262 1236 1305 1274 in
1326 1236 1490 1273 Porticu
1513 1235 1731 1273 diaconum
1752 1234 2002 1274 cardinalem

298 1295 477 1343 legatum
503 1295 543 1332 in
574 1295 704 1332 Italia.
733 1295 780 1332 de
807 1309 976 1332 romana
1004 1294 1113 1333 curia
1139 1295 1385 1345 profectum,
1420 1295 1498 1333 iter
1524 1309 1619 1333 suae
1653 1294 1868 1344 legationis
1904 1294 2000 1332 arri-

298 1354 430 1403 puisse
454 1367 560 1391 anno
585 1354 841 1401 MCCCVIII,
867 1354 929 1392 die
953 1354 1117 1392 sabbati
1140 1369 1230 1391 xxv
1254 1354 1491 1401 decembris,
1517 1354 1626 1404 quod
1650 1354 1893 1392 mendosum
1916 1368 2004 1392 esse

298 1421 473 1457 constat,
498 1427 588 1450 cum
611 1428 741 1462 neque
764 1427 871 1452 anno
893 1414 961 1451 illo
982 1428 1113 1463 neque
1137 1414 1324 1463 sequenti
1347 1414 1430 1452 dies
1453 1428 1543 1451 xxv
1566 1413 1789 1451 decembris
1811 1413 2004 1451 inciderit

294 1471 335 1509 in
366 1472 600 1519 sabbatum,
633 1480 673 1510 et
703 1481 914 1522 praeterea
955 1487 1061 1510 anno
1098 1481 1264 1511 tantum
1296 1473 1499 1511 MCCCIX
1530 1481 1704 1511 exeunte
1741 1472 1890 1510 martio
1920 1472 2002 1510 ista

294 1530 442 1580 legatio
462 1531 558 1568 data
577 1531 629 1568 sit
646 1532 839 1570 Arnaldo.
864 1532 1007 1582 Itaque
1026 1532 1292 1571 manifestum
1308 1532 1473 1570 videtur
1489 1546 1562 1582 pro
1581 1531 1785 1570 decembri
1802 1546 1999 1582 reponen-

295 1590 392 1626 dum
431 1604 514 1628 esse
553 1590 707 1628 maium
746 1599 787 1629 et
824 1591 947 1629 istam
986 1591 1156 1629 Arnaldi
1192 1591 1489 1642 profectionem
1528 1606 1612 1629 esse
1653 1591 1909 1629 referendam
1947 1591 2001 1629 ad

293 1662 446 1686 annum
471 1650 687 1697 MCCCIX,
714 1664 795 1699 quo
820 1650 904 1688 dies
930 1665 1019 1688 xxv
1038 1650 1053 1673 4
1076 1650 1173 1693 maii
1198 1651 1336 1689 evenit
1359 1650 1401 1688 in
1425 1651 1614 1697 sabbato,
1639 1650 1882 1701 praesertim
1906 1665 2001 1688 cum

292 1708 399 1745 idem
430 1708 754 1757 Ghirardaccius,
786 1725 824 1759 p.
856 1710 945 1757 529,
976 1718 1154 1748 testetur
1183 1710 1411 1748 Arnaldum
1439 1709 1653 1748 advenisse
1681 1709 1912 1748 Bononiam
1941 1724 1999 1748 se-

294 1767 435 1816 quenti
457 1782 593 1806 mense
613 1768 741 1817 junio.
766 1769 843 1807 Sed
865 1777 1005 1807 tamen
1026 1769 1167 1819 ingens
1191 1769 1409 1807 difficultas
1429 1769 1604 1807 occurrit
1624 1769 1665 1806 in
1686 1769 1763 1807 hoc
1781 1769 1881 1807 loco.
1903 1769 2001 1807 Ete-

294 1826 376 1864 nim
400 1827 674 1866 Bernardinus
700 1828 839 1866 Corius
864 1828 922 1866 ait
946 1828 987 1866 in
1011 1828 1194 1866 Historia
1218 1828 1514 1866 Mediolanensi
1539 1827 1584 1878 [t.
1610 1843 1636 1875 1,
1661 1843 1700 1878 p.
1729 1828 1826 1878 711]
1854 1828 2001 1867 Arnal-

295 1885 391 1922 dum
419 1886 575 1924 venisse
604 1887 880 1926 Mediolanum
908 1902 1044 1926 mense
1072 1888 1180 1926 maio
1207 1887 1329 1937 hujus
1357 1887 1467 1935 anni,
1496 1896 1537 1926 et
1562 1887 1642 1925 illic
1669 1887 2000 1925 excommunica—

345 2015 370 2048 1.
402 2017 455 2049 La
475 2017 573 2050 bulle
595 2018 642 2050 In
660 2030 801 2051 omnem
820 2030 841 2050 a
861 2020 918 2051 ete
938 2019 1132 2062 imprimee
1153 2031 1220 2063 par
1239 2019 1273 2052 J.
1296 2018 1426 2062 fflnig,
1449 2018 1569 2051 Codeoe
1587 2018 1720 2051 Italiae
1739 2019 1998 2062 diplomaticus

299 2075 323 2101 t.
353 2069 418 2108 ΠΖ,
449 2082 483 2113 p.
516 2071 731 2104 1589-1600.

344 2124 372 2155 -2,
404 2123 471 2155 Les
493 2124 610 2157 bullcs
632 2125 695 2167 qui
716 2125 909 2158 conferent
930 2137 985 2158 ses
1007 2126 1184 2169 pouvoirs
1206 2126 1226 2158 a
1246 2126 1403 2158 Arnaud
1423 2131 1577 2169 portent
1597 2131 1722 2158 tontes
1755 2126 1790 2158 la
1824 2126 1910 2158 date
1944 2126 1996 2158 du

293 2174 354 2207 X]
371 2177 542 2209 kalendas
560 2178 702 2221 aprili-3,
723 2178 786 2221 qui
804 2179 1030 2223 correspond
1048 2191 1095 2212 au
1121 2180 1164 2212 22
1186 2191 1284 2212 mars
1303 2179 1396 2212 1309
1419 2178 1592 2221 (Chimera
1624 2178 1666 2218 V,
1698 2190 1732 2212 n.
1757 2178 1992 2222 5024-5054).

293 2229 397 2262 Cotto
420 2230 505 2262 datc
527 2231 665 2263 semble
687 2232 895 2265 contreditc
916 2244 984 2275 par
1009 2233 1040 2265 le
1061 2239 1249 2266 contexte.
1273 2233 1331 2265 On
1351 2233 1395 2265 lit
1421 2232 1463 2275 (t.
1484 2244 1535 2271 iv,
1558 2244 1593 2275 p.
1616 2232 1697 2275 442)
1725 2233 1764 2266 in
1783 2237 1906 2265 sancto
1938 2233 1998 2266 die

293 2281 384 2324 jovis
417 2284 580 2326 proximo
603 2286 805 2327 preterita..
831 2286 1101 2329 publicavimus
1132 2286 1345 2330 spirituales
1368 2291 1398 2318 et
1420 2285 1630 2329 temporales
1653 2296 1777 2329 penas.
1805 2286 1835 2318 Il
1857 2297 1882 2329 y
1906 2297 1927 2318 a
1959 2286 1994 2319 la

293 2348 363 2368 unc
380 2337 537 2369 allusion
553 2338 725 2371 evidente
742 2339 762 2370 a
777 2339 812 2371 la
825 2345 999 2372 sentence
1017 2339 1426 2372 d’excommunication
1441 2340 1649 2383 prononcee
1665 2339 1696 2371 le
1713 2339 1755 2372 27
1772 2350 1870 2371 mars
1886 2339 1992 2372 1309.

294 2388 361 2421 Lcs
379 2390 553 2432 pouvoirs
572 2391 778 2430 d'Arnaud,
796 2404 880 2425 sans
899 2392 1012 2425 doute
1029 2393 1254 2436 posterieurs
1272 2393 1292 2424 a
1308 2399 1406 2425 cette
1424 2393 1523 2431 date,
1542 2398 1608 2424 ont
1624 2392 1674 2424 du
1690 2394 1766 2425 etre
1790 2392 1993 2425 antidates.

298 2442 324 2473 ll
344 2444 466 2485 parait
486 2443 630 2476 difficile
650 2444 877 2478 d’admettre
906 2446 1087 2489 l’opinion
1105 2446 1148 2479 de
1168 2446 1209 2479 G.
1230 2446 1394 2479 Soranzo
1428 2446 1494 2488 (La
1514 2445 1652 2478 Guerra
1666 2445 1725 2488 fra
1745 2445 1901 2478 Venezia
1926 2457 1943 2478 e
1960 2445 1996 2478 la

297 2496 331 2526 S.
353 2496 449 2534 Sede,
469 2508 502 2538 p.
525 2497 602 2540 141)
624 2498 768 2541 d'apres
786 2499 943 2542 laquelle
960 2499 984 2531 il
1001 2499 1169 2532 faudrait
1185 2500 1344 2543 corriger
1365 2500 1400 2532 la
1417 2500 1503 2532 date
1521 2499 1571 2531 du
1591 2496 1654 2531 XI
1668 2499 1842 2538 kalendas
1862 2499 1996 2542 aprilis

296 2560 338 2578 cn
357 2549 442 2580 celle
462 2550 509 2581 du
527 2550 587 2581 XI
603 2550 775 2584 kalendas
791 2553 892 2585 maii.
907 2571 955 2574 —
967 2552 1038 2585 Sur
1052 2553 1087 2585 la
1103 2553 1257 2585 mission
1274 2553 1469 2585 d'Arnaud
1481 2552 1562 2585 voir
1575 2551 1617 2585 G.
1632 2551 1796 2585 Soranzo
1816 2551 1884 2595 (op.
1900 2551 1971 2595 cit.)
1987 2565 1993 2591 ;

296 2602 337 2633 Α.
368 2602 474 2640 liitcl,
498 2603 569 2635 Die
593 2604 850 2638 Isirclzenstaat
875 2611 977 2638 unler
1001 2606 1173 2639 Klemens
1201 2606 1242 2645 V,
1269 2606 1405 2645 Berlin,
1432 2606 1542 2645 19073
1570 2605 1729 2638 Clamant
1756 2605 1798 2645 V,
1825 2617 1860 2638 n.
1888 2606 1992 2645 5055,

298 2654 399 2694 5537,
423 2656 526 2692 6314,
549 2657 658 2696 ‹53163
681 2657 808 2698 Finke,
829 2658 922 2691 Acta
939 2658 1207 2702 Aragonensia,
1230 2665 1256 2692 t.
1276 2672 1313 2699 11,
1335 2671 1369 2703 p.
1392 2659 1561 2693 641-660.
1581 2678 1630 2681 —
1649 2658 1697 2691 Le
1718 2659 1762 2691 10
1782 2670 1880 2691 mars
1900 2658 1995 2692 1310

298 2708 326 2737 lc
345 2708 507 2740 cardinal
527 2709 583 2741 fut
600 2710 732 2753 charge
750 2712 792 2743 de
809 2711 963 2755 pacifici·
978 2713 1012 2744 la
1030 2712 1223 2756 Romagne
1245 2712 1417 2755 (Cle'ment
1436 2712 1477 2752 V,
1495 2724 1529 2745 n.
1549 2712 1654 2755 6290)
1673 2717 1710 2744 et
1727 2712 1770 2744 de
1787 2723 1997 2755 prononcer

298 2760 358 2790 ‹la-s
382 2767 573 2794 sentences
598 2770 724 2796 contre
749 2765 913 2797 d'autres
939 2766 1041 2798 villes
1064 2765 1260 2798 italiennes
1289 2764 1461 2807 (Clamant
1486 2765 1528 2805 V,
1553 2777 1587 2798 n.
1613 2765 1705 2798 5537
1728 2771 1766 2797 et
1789 2764 1909 2808 6680).
1935 2764 1994 2797 On

296 2819 464 2845 cons-mlo.
482 2826 521 2846 sa
540 2817 711 2857 presence
726 2817 746 2848 a
764 2817 838 2850 San
856 2818 1010 2851 Michclc
1028 2818 1065 2850 in
1078 2819 1206 2858 Bosco‚
1222 2822 1303 2862 pres
1323 2820 1365 2851 dc
1384 2819 1560 2861 Bolognc„
1577 2819 1627 2851 les
1640 2819 1662 2850 4
1679 2824 1716 2851 et
1733 2818 1778 2851 15
1796 2818 1887 2850 aofit
1900 2818 1995 2851 1310

300 2869 319 2894 r(
334 2867 352 2896 ἑ.
376 2867 548 2906 Soranzo,
570 2880 625 2911 op.
648 2870 717 2909 cit„
740 2882 773 2913 p.
796 2872 980 2914 263-266).

344 2920 374 2950 ἱὶ.
400 2920 557 2952 clament
582 2922 622 2956 Γ,
644 2923 869 2965 Appendice,
893 2936 927 2967 p.
951 2925 1006 2957 93.

347 2971 375 3003 G.
411 2972 454 3003 lm
480 2974 521 3004 25>
547 2974 617 3005 mai
640 2975 732 3007 ’1309
755 2977 848 3009 e'tait
869 2989 919 3008 un
944 2978 1152 3018 dimanchc,
1172 2990 1246 3010 non
1261 2990 1312 3010 un
1334 2978 1487 3011 samcdi.
1513 2978 1694 3010 L'auteur
1709 2978 1758 3010 du
1788 2977 1993 3010 Clzronicon

298 3023 446 3055 ils-tense
477 3026 679 3067 (limatiori,
709 3035 734 3061 t.
764 3042 813 3068 XI,
843 3030 908 3062 col.
942 3030 1018 3073 184)
1050 3031 1140 3063 ecrit
1168 3044 1173 3063 :
1202 3031 1311 3075 Papa
1337 3032 1436 3064 misit
1462 3036 1623 3074 nepotem
1653 3030 1727 3074 (sic)
1768 3041 1878 3063 suum
1911 3040 1994 3063 cum

297 3077 436 3115 lumbus
459 3079 607 3111 milibus
630 3081 797 3119 militum,
823 3093 909 3124 quos
930 3084 1003 3116 widi
1026 3089 1249 3116 transeuntes
1270 3096 1332 3127 per
1353 3084 1430 3117 Asi.
1456 3084 1504 3116 Lc
1528 3090 1703 3116 contexte
1744 3083 1896 3126 indique
1919 3095 1993 3126 que

299 3129 446 3160 lculi-(w
466 3131 483 3161 :⁴1
506 3132 582 3163 Asli
602 3139 665 3165 cut.
682 3134 753 3166 lieu
771 3143 885 3167 avant
906 3136 989 3168 mai.
