2083 3458
93 199 217 255 [584]
379 192 384 195 ⁸
591 190 598 198 ’
621 212 837 238 PAPARUM
873 210 1260 237 AVENIONENSIUM
1733 199 1784 238 423

81 297 221 337 scribit
260 298 364 335 hanc
405 296 550 346 capitis
590 295 722 334 sancti
763 294 961 333 Ludovici
999 294 1315 333 translationem
1354 295 1509 334 factam
1550 310 1633 334 esse
1674 310 1781 334 anno

82 356 359 396 MCCCXVII.
380 355 669 393 Destinaverat
684 354 801 391 initio
816 368 887 392 rex
903 353 1114 404 Philippus
1130 353 1349 392 transferre
1364 354 1406 392 in
1421 355 1613 393 sacellum
1628 355 1782 405 regium

85 415 319 454 Parisiense.
344 429 427 453 non
461 415 591 452 solum
617 421 755 464 caput,
781 414 849 451 sed
874 413 1000 451 etiam
1025 427 1169 463 corpus
1193 413 1399 463 integrum
1431 414 1562 452 sancti
1587 414 1783 452 Ludovici

82 484 130 513 ut
151 482 268 525 patet
289 489 340 512 ex
360 474 470 511 bulla
492 472 694 511 Bonifacii
716 473 833 520 VIII,
858 486 982 522 quam
1006 472 1198 510 Claudius
1221 472 1439 511 Menardus
1462 473 1591 511 edidit
1612 473 1654 511 in
1677 474 1783 511 03100

83 533 419 573 observationum
447 546 612 570 suarum
641 532 694 570 ad
723 531 974 569 Joinvillam.
1004 531 1106 569 Vide
1135 531 1261 569 etiam
1289 546 1379 570 eam
1408 546 1512 581 quae
1541 533 1592 570 ab
1622 532 1783 570 Andrea

86 592 316 631 Duchesnio
335 592 445 630 edita
463 599 524 629 est
540 591 582 629 in
599 599 712 628 tomo
731 605 756 627 v
775 590 1019 640 Scriptorum
1037 590 1222 628 historiae
1239 591 1497 635 Francorum,
1517 606 1554 641 p.
1575 591 1663 629 492.

138 653 179 689 P.
203 652 239 699 3,
260 651 325 701 lig.
348 651 409 689 33.
435 651 686 688 REGNABAT.
712 651 764 687 Le
787 649 1076 687 continuateur
1097 650 1145 687 de
1168 649 1320 699 Nangis
1343 649 1404 687 dit
1426 666 1432 687 :
1455 651 1573 700 Papa
1593 650 1783 691 Clemens,

83 719 292 761 antequam
307 725 373 748 resi·
387 709 583 747 Franciae
600 710 783 747 recederet
796 723 821 746 a
834 709 1044 758 Lagclano.
1059 708 1244 746 concessit
1258 709 1293 746 ei
1311 717 1429 759 caput
1438 710 1566 747 sancti
1581 710 1784 755 Ludovici,

85 770 150 809 avi
169 769 248 817 Sui,
270 784 358 807 cum
380 784 461 806 ana
482 770 526 806 (Ie
546 768 661 806 costis
693 768 823 817 ipsias
855 768 896 805 in
927 768 1117 817 capellam¹
1146 783 1261 805 suam
1282 768 1470 805 Pari-sias
1500 784 1524 806 a
1554 769 1787 806 monasterio

87 829 222 868 Sancti
243 828 434 878 Dionysii
459 828 807 878 transportandam
835 827 912 877 (ed.
940 828 1116 869 Geraud,
1143 835 1172 866 t.
1198 842 1223 867 1.
1249 842 1288 877 p.
1316 827 1422 875 350).
1448 850 1501 853 —
1527 828 1630 866 Jean
1658 828 1785 865 XXII

86 890 240 927 honora
258 888 296 925 la
316 887 564 925 celebration
583 887 632 924 de
650 886 687 924 la
707 886 788 924 sete
807 886 856 923 de
874 886 911 923 la
931 886 1173 924 translation
1196 887 1250 924 du
1270 885 1361 924 chef
1380 887 1428 924 de
1447 887 1556 925 saint
1575 887 1695 925 Louis
1715 901 1788 937 par

85 948 123 985 13
149 946 382 985 concession
409 946 712 996 d'indulgences
741 945 900 993 (Eubel,
926 946 973 984 Β.
1000 946 1062 992 F.‚
1089 954 1120 984 t.
1148 960 1185 989 V,
1212 960 1251 996 p.
1280 945 1367 994 124,
1393 960 1431 984 n.
1459 945 1554 988 279:
1580 946 1707 984 bulles
1734 946 1787 983 du

89 1007 136 1045 13
154 1009 254 1044 aofit
274 1006 390 1053 1317)
1411 1006 1414 1010 ⁴

142 1066 183 1104 P.
208 1065 245 1109 3,
268 1065 334 1114 lig.
359 1065 421 1103 33.
447 1065 578 1102 UNAM
605 1078 782 1102 cosTAM.
813 1063 925 1101 Istud
951 1078 1113 1113 quoque
1137 1071 1316 1102 testatur
1338 1063 1602 1102 continuator
1626 1064 1787 1113 Nang'ii.

90 1124 368 1163 Dominicanis
390 1123 659 1162 Remensibus
681 1123 802 1160 datae
830 1131 926 1160 sunt
952 1122 1146 1172 reliquiae
1165 1122 1318 1161 sudarii
1345 1123 1599 1173 sepulcrique
1621 1123 1707 1173 ejus
1750 1131 1790 1161 et

88 1198 184 1222 mox
203 1183 283 1221 illic
303 1182 619 1234 implorantibus
642 1197 760 1232 opem
781 1181 913 1220 5311011
935 1182 1132 1220 Ludovici
1152 1182 1313 1220 reddita
1334 1182 1502 1229 sanitas,
1525 1183 1655 1221 surdis
1676 1182 1790 1220 audi-

87 1251 168 1292 tus,
191 1242 344 1280 claudis
367 1242 540 1280 facultas
562 1241 816 1288 ambulandi,
838 1241 963 1279 mutis
985 1255 1080 1279 usus
1101 1241 1276 1292 linguae.
1293 1241 1421 1280 coecis
1443 1241 1618 1292 denique
1639 1242 1789 1280 lumen.

88 1302 153 1341 Sic
180 1302 290 1341 enim
317 1309 496 1340 testatur
524 1301 565 1339 P.
595 1315 614 1338 e
644 1301 852 1351 Luporum
881 1300 956 1338 viis
985 1300 1164 1338 officialis
1196 1300 1405 1339 Remensis
1432 1301 1475 1339 in
1502 1301 1672 1352 epistola
1703 1309 1790 1338 tun]

89 1361 240 1412 scripta
258 1361 309 1399 ad
328 1360 562 1411 Philippum
579 1374 714 1409 regem
732 1359 758 1398 ¹.

144 1421 187 1459 P.
207 1421 242 1466 4,
261 1419 327 1470 lig.
346 1419 382 1458 9.
403 1420 542 1458 ΡΑ1115.
566 1419 772 1456 DECANUS
790 1427 913 1456 antea
937 1433 1032 1456 vero
1050 1419 1269 1457 canonicus
1291 1419 1564 1463 Carnotensis,
1580 1428 1626 1456 ut
1644 1420 1792 1457 docent

89 1480 337 1518 ccllectanea
354 1478 464 1517 Petri
479 1478 653 1516 Puteani
666 1479 724 1515 De
736 1478 903 1516 discidio
912 1478 1117 1527 Bonifacii
1132 1478 1245 1516 VIII
1254 1486 1287 1515 et
1296 1478 1642 1528 Plzz'tippiPutcri,
1654 1493 1691 1529 p.
1704 1479 1791 1517 224.

144 1539 187 1577 P.
209 1539 244 1577 4.
265 1538 332 1587 lig.
354 1538 390 1576 9.
412 1538 661 1576 SIGILLIFER.
682 1552 761 1575 non
784 1545 920 1575 tamen
943 1537 1205 1575 cancellarius
1224 1537 1251 1579 ²,
1272 1545 1319 1575 ut
1338 1537 1473 1575 visum
1494 1546 1555 1576 est
1575 1538 1792 1585 nonnullis,

91 1597 279 1648 quamvis
302 1597 360 1635 ita
383 1604 553 1635 vocetur
576 1596 617 1634 in
650 1597 879 1645 fragmento
903 1596 1051 1634 veteris
1076 1596 1253 1635 chronici
1277 1597 1388 1634 edito
1411 1611 1432 1634 a
1470 1597 1683 1635 Francisco
1713 1597 1790 1634 Du-

91 1657 267 1695 chesnio.
289 1657 461 1694 Factum
479 1656 589 1693 istud
609 1670 630 1693 a
650 1656 850 1706 plerisque
870 1670 939 1706 per
957 1655 1211 1702 abusionem,
1231 1655 1325 1705 quia
1344 1665 1519 1694 vacante
1540 1656 1793 1702 cancellaria,

90 1716 122 1754 is
145 1716 214 1766 qui
237 1715 411 1765 sigillum
433 1715 588 1765 regium
612 1715 768 1753 ferebat
791 1715 1072 1764 exequebatur
1092 1715 1222 1753 officia
1239 1715 1480 1761 cancellarii,
1496 1716 1679 1765 adeoque
1697 1730 1794 1765 quo-

92 1775 188 1813 dam
211 1775 333 1813 modo
358 1774 437 1812 dici
461 1789 577 1824 posse
602 1774 822 1812 videbatur
846 1774 1122 1812 cancellarius.
1149 1774 1250 1812 Vide
1276 1788 1379 1824 quae
1404 1774 1510 1812 infra
1536 1774 1722 1813 dicentur
1747 1775 1794 1812 de

93 1835 302 1885 Stephano
320 1834 367 1871 de
386 1833 566 1872 Suisiaco
583 1833 801 1880 cardinale,
819 1841 940 1872 antea
958 1833 1290 1871 vicecancellario
1306 1833 1409 1883 regis
1428 1834 1635 1872 Franciae.

147 1894 189 1932 P.
208 1894 244 1941 4,
261 1894 328 1942 lig.
352 1893 412 1931 10.
432 1893 529 1931 Uno
548 1907 678 1930 ANNo.
698 1893 836 1931 Recte.
858 1893 962 1930 Nam
981 1907 1073 1929 cum
1093 1893 1235 1930 Petrus
1254 1893 1302 1930 de
1321 1893 1500 1931 Morneio
1517 1894 1636 1931 rebus
1655 1894 1796 1930 huma-

93 1952 154 1990 nis
184 1952 401 1991 excesserit
430 1966 538 1990 anno
568 1952 778 1998 MCCCVI,
808 1951 871 1989 die
902 1967 1007 1989 xxlx
1038 1951 1148 1997 maii,
1177 1952 1294 2001 eique
1322 1960 1416 2002 post
1444 1952 1600 2002 aliquot
1633 1960 1797 1989 tantum

94 2026 251 2050 menses
270 2011 508 2049 successerit
526 2011 669 2049 Petrus
688 2011 736 2049 de
752 2011 1036 2061 Bellapertica.
1052 2026 1173 2061 quem
1192 2019 1348 2049 certum
1367 2019 1427 2049 est
1440 2026 1548 2049 311110
1563 2011 1783 2049 MCCCVII

95 2071 158 2109 die
176 2085 262 2108 xvn
278 2070 455 2120 januarii
475 2070 635 2117 obiisse,
653 2070 918 2108 manifestum
936 2078 995 2108 est
1012 2070 1126 2108 illum
1144 2085 1225 2108 11110
1242 2078 1408 2108 1311111111
1426 2085 1533 2109 311110
1550 2079 1623 2108 3111
1640 2070 1798 2108 circiter

95 2130 333 2181 episcopum
357 2129 492 2167 fuisse.
520 2130 652 2176 Quare
676 2129 829 2167 erravit
852 2137 995 2167 auctor
1019 2129 1212 2169 historiae
1236 2129 1519 2180 episcoporum
1544 2129 1798 2167 Autissiodo-

96 2189 274 2227 rensium
292 2190 321 2237 ³,
356 2188 425 2238 qui
458 2188 599 2227 scribit
631 2188 745 2226 illum
779 2188 927 2226 sedisse
960 2188 1002 2226 in
1035 2189 1229 2227 cathedra
1263 2189 1607 2227 Autissiodorensi
1642 2188 1798 2226 circiter

95 2262 222 2286 3111105
252 2248 352 2286 (11105
371 2248 398 2286 4.

146 2389 176 2422 1.
195 2389 346 2428 Baluze,
366 2395 391 2421 t.
410 2400 461 2427 111,
481 2400 515 2431 p.
535 2389 591 2421 65.

145 2441 177 2475 2.
207 2442 260 2474 De
285 2442 503 2474 l'ensemble
538 2442 601 2474 des
628 2441 851 2474 documents
877 2443 1099 2476 rassenibles
1126 2454 1194 2486 par
1219 2442 1268 2476 M.
1290 2443 1329 2476 L.
1360 2442 1551 2475 Perrichet
1580 2442 1646 2484 (La
1667 2444 1804 2484 grande

95 2495 329 2528 chancellerie
349 2496 390 2528 de
410 2495 563 2533 France,
588 2494 704 2534 Paris,
728 2494 833 2533 1912,
857 2507 892 2538 p.
916 2496 1088 2535 184-187,
1113 2496 1284 2539 524-526)
1309 2496 1334 2528 il
1355 2502 1494 2529 ressort
1516 2508 1587 2538 que
1612 2495 1732 2528 Pierre
1757 2496 1801 2528 de

97 2549 335 2592 Belleperche
352 2548 415 2580 n⁷a
431 2559 498 2591 pas
516 2548 566 2581 du
583 2549 660 2580 etre
679 2549 790 2591 garde
809 2549 859 2581 du
875 2560 986 2581 sceau
1004 2561 1017 2578 «
1033 2561 1078 2581 en
1097 2549 1226 2588 titre»,
1246 2549 1339 2582 mais
1357 2549 1448 2592 qu’il
1465 2561 1510 2581 en
1528 2551 1613 2592 gera
1629 2549 1680 2581 les
1698 2548 1802 2581 fonc-

97 2602 197 2635 tions
214 2613 283 2645 par
298 2601 462 2641 interim,
482 2602 503 2633 a
519 2602 554 2634 13
572 2602 676 2645 place
695 2593 897 2635 d⁷Etienne
916 2603 959 2635 de
977 2602 1100 2645 Suisy,
1120 2603 1140 2634 3
1157 2603 1278 2646 partir
1294 2603 1338 2635 de
1356 2603 1461 2635 1306.
1483 2602 1539 2634 En
1556 2608 1663 2634 toute
1681 2602 1802 2645 hypo-

98 2656 215 2695 these,
233 2648 446 2688 Guillaume
465 2655 509 2687 de
528 2654 694 2698 Nogaret
710 2655 786 2698 prit
802 2656 833 2687 le
850 2667 961 2688 sceau
977 2656 1009 2688 10
1028 2657 1072 2688 22
1088 2656 1303 2699 septembre
1320 2656 1425 2694 1307,
1445 2655 1592 2698 d'apres
1609 2666 1681 2687 une
1699 2667 1803 2687 men-

98 2708 180 2741 tion
194 2708 335 2741 inseree
354 2708 446 2740 dans
463 2708 495 2741 10
512 2708 666 2751 registre
684 2708 740 2740 JJ
757 2706 814 2748 44,
833 2708 857 2742 f.
876 2710 896 2742 3
914 2712 958 2747 r0‚
978 2709 1040 2741 des
1058 2709 1239 2741 Archives
1259 2708 1478 2741 Nationales
1497 2721 1503 2739 ε
1521 2708 1634 2740 Anno
1646 2708 1803 2741 Domini

98 2759 205 2801 1307,
232 2761 289 2794 die
312 2762 451 2794 veneris
475 2766 555 2804 post
575 2761 708 2804 festam
735 2762 827 2794 beati
852 2762 1009 2795 Matthei
1032 2763 1199 2805 apostoli,
1225 2773 1305 2804 rege
1327 2762 1497 2794 aristente
1522 2762 1561 2793 in
1586 2762 1805 2794 monasterio

98 2815 212 2857 regali
227 2815 338 2847 Beate
353 2814 479 2847 Marte
492 2813 597 2857 juxta
612 2814 849 2848 Pontisaram
864 2816 1037 2848 traditum
1053 2815 1126 2857 luit
1140 2815 1304 2857 sigillum
1329 2814 1521 2847 Guillelmo
1538 2815 1578 2846 de
1594 2814 1804 2857 Nongarelo

100 2868 222 2907 militi,
241 2867 304 2900 abi
320 2873 511 2900 tractatam
523 2867 597 2910 saiz
613 2868 654 2900 de
667 2869 835 2911 captione
852 2869 1157 2912 Templarioram.

146 2919 181 2954 3.
198 2921 301 2953 Dans
316 2921 382 2954 Ph.
398 2921 540 2960 Labbe,
555 2921 680 2954 Novae
695 2922 927 2954 bibliothecae
940 2922 1274 2964 manuscriptorum
1286 2920 1474 2959 librorum,
1490 2926 1516 2952 t.
1530 2932 1554 2959 1,
1570 2931 1604 2963 p.
1621 2921 1702 2953 509.

148 2974 182 3007 4.
201 2973 322 3007 Pierre
339 2974 383 3006 de
399 2973 558 3017 Mornay
574 2981 729 3007 mourut
743 2974 1025 3008 effectivement
1040 2975 1072 3007 le
1089 2975 1132 3006 29
1149 2974 1345 3013 111311306,
1362 2973 1510 3016 d’apres
1524 2973 1739 3006 l’obituairc
1757 2974 1801 3007 de

99 3024 136 3059 la
150 3027 366 3060 cathedrale
385 3027 592 3060 d’Auxerre
609 3040 615 3060 :
644 3026 701 3071 [29
724 3027 849 3071 maii].
866 3028 1001 3060 Eodem
1024 3028 1082 3060 die
1094 3027 1225 3059 Petrus
1247 3027 1288 3059 de
1302 3026 1465 3069 Mornay
1477 3037 1520 3058 etc
1538 3026 1803 3060 Aurelianensi

101 3080 182 3113 sede
204 3080 253 3113 ad
273 3078 874 3124 AutissiodorensemaBonijacio
897 3086 1017 3113 octavo
1039 3092 1181 3112 summo
1204 3079 1376 3123 pontifice
1398 3079 1608 3119 translatus,
1632 3091 1804 3123 suprema
