2083 3458
117 258 269 313 ¹[1294]
639 276 860 301 PAPARUM
895 275 1279 301 AVENIONENSIUM
1727 257 1808 297 811

105 357 192 408 ejus
232 357 397 396 consilio
435 367 526 397 toto
560 367 788 409 praesente.
828 359 1125 409 Responsiones
1171 359 1255 410 [fol.
1293 359 1367 397 118
1403 359 1561 397 v0-14O
1596 358 1647 409 r0]
1675 358 1809 396 factae

107 415 275 455 fuerunt
300 431 371 467 per
401 418 569 457 Petrum
593 418 641 456 de
668 419 783 456 Luna
808 427 849 456 et
874 433 944 468 per
967 418 1181 468 Aegidium
1208 417 1353 457 Sancii.

172 475 276 525 [Fol.
319 475 393 514 140
432 484 475 513 v⁰
491 499 503 503 -
520 477 594 515 159
618 477 669 527 ΓΟ]
713 477 987 527 Allegationes
1020 477 1220 516 Bonifacii
1266 478 1314 516 de
1359 476 1574 516 Amanatis
1616 476 1810 515 advocati

112 534 258 573 fiscalis
292 534 448 574 domini
478 550 610 586 papae
646 535 779 574 factae
812 551 948 574 coram
980 551 1070 586 rege
1096 537 1293 575 Castellae
1318 544 1360 574 et
1381 545 1472 574 toto
1496 535 1676 582 consilio,
1697 535 1809 586 apud

111 593 316 632 Medinam
343 593 407 632 del
433 608 578 644 campo
605 595 911 634 Salamantinae
938 595 1130 634 dioecesis
1156 596 1204 634 de
1232 610 1339 633 anno
1356 609 1377 632 a
1400 594 1622 633 nativitate
1645 594 1809 633 Domini

110 652 452 700 MCCCLXXXI,
480 653 543 691 die
572 653 761 692 mercurii
787 669 919 692 xxvm
944 654 1095 705 aprilis.

172 711 274 761 [Fol.
302 711 376 749 159
400 719 461 750 ΓΟ·
479 713 552 750 172
576 712 627 761 ΓΟ]
656 713 929 762 Allegationes
957 713 1066 751 Petri
1091 714 1138 751 de
1158 714 1269 762 Tury
1293 713 1506 763 utriusque
1529 713 1629 762 juris
1654 714 1807 764 profes-

110 770 223 818 soris,
246 770 426 809 custodis
450 771 748 821 Lugdunensis,
771 772 903 810 factae
926 772 966 809 in
989 772 1143 822 capella
1162 772 1263 822 regis
1283 773 1481 811 Castellae
1503 781 1603 811 tunc
1624 773 1806 812 absentis

107 830 219 880 apud
238 829 443 868 Medinam
459 830 523 868 del
540 845 684 880 campo
702 845 775 881 pro
792 840 908 881 parte
930 831 1150 870 Clementis
1175 832 1254 869 VII
1278 840 1420 870 contra
1441 826 1806 875 Bartholomaeum

108 889 328 936 intrusum,
351 889 399 927 (16
421 903 528 927 anno
548 889 712 929 Domini
735 889 1060 928 MCCCLXXXI
1082 899 1123 929 et
1145 891 1192 928 de
1215 905 1351 929 mense
1370 891 1508 941 aprilis
1530 891 1707 929 secunda
1727 891 1804 931 die.

174 948 275 998 [Fol.
299 948 372 985 172
392 955 428 985 r0
442 970 454 975 -
470 948 544 986 179
564 949 614 998 ΓΟ]
639 949 929 998 Allegationes,
946 957 993 988 ut
1014 949 1178 996 dicitur,
1199 950 1353 989 domini
1374 950 1589 988 cardinalis
1609 951 1657 988 de
1675 951 1804 990 Luna.

174 1007 274 1057 [Fol.
304 1006 378 1044 179
402 1015 437 1045 r0
452 1029 463 1034 —
480 1007 553 1045 185
578 1008 629 1057 ΓΟ]
656 1008 797 1046 Novae
818 1008 1083 1057 allegationes
1105 1008 1274 1047 „Ioannis
1295 1009 1342 1047 de
1362 1009 1559 1059 Lignano‚
1582 1024 1652 1047 seu
1671 1009 1804 1048 verius

110 1074 318 1117 postrema
345 1080 436 1116 pars
464 1066 631 1104 secundi
657 1075 862 1105 tractatus
892 1082 1013 1116 quem
1043 1069 1220 1106 „Ioannes
1248 1068 1296 1105 dc
1330 1068 1513 1117 Lignano
1540 1068 1701 1118 scripsit
1732 1083 1804 1119 pro

113 1125 294 1172 Urbano,
325 1125 394 1174 qui
423 1125 555 1163 editus
585 1134 646 1163 est
684 1127 736 1163 ab
768 1126 942 1164 Odorico
984 1127 1199 1176 Raynaldo
1238 1126 1279 1164 in
1316 1128 1541 1177 appendice
1582 1127 1683 1165 tomi
1720 1143 1804 1165 xvn

112 1185 337 1222 Annalium
359 1184 720 1222 ecclesiasticorum.

175 1243 276 1293 [Fol.
304 1243 377 1281 185
401 1251 435 1280 r0
451 1265 462 1270 —
479 1244 553 1281 188
576 1243 626 1292 ΓΟ]
656 1244 851 1282 Rationes
878 1244 1142 1293 Anglicorum
1165 1253 1206 1283 et
1229 1245 1510 1295 responsiones
1534 1246 1586 1283 ad
1618 1246 1718 1285 illas.

175 1303 276 1352 [Fol.
300 1302 373 1340 188
393 1310 436 1339 v0
451 1325 462 1329 -
478 1302 549 1340 191
571 1302 629 1352 ΥΟ]
650 1303 922 1352 Allegationes
942 1303 1096 1343 domini
1119 1304 1356 1353 Raymundi
1371 1305 1569 1342 Bernardi
1587 1305 1804 1343 Flamench

114 1361 247 1400 factae
269 1376 407 1401 coram
426 1376 516 1411 rege
536 1362 727 1400 Boemiae
749 1376 856 1399 anno
880 1362 1266 1410 MCCCLXXXIII,
1290 1363 1352 1402 die
1374 1378 1447 1401 xxl
1468 1364 1646 1413 augusti.

175 1420 278 1470 [Fol.
306 1420 378 1458 191
405 1421 464 1471 v0]
493 1421 673 1458 Litterae
700 1421 926 1459 Wenceslai
950 1422 1052 1471 regis
1083 1422 1377 1469 Romanorum,
1404 1422 1551 1472 quibus
1581 1423 1804 1462 committit

113 1479 339 1519 marchioni
357 1480 563 1518 Moraviae
582 1480 733 1518 vicario
750 1495 822 1518 suo
841 1481 1017 1530 generali
1033 1481 1075 1519 in
1091 1481 1208 1519 Italia
1226 1489 1267 1519 et
1284 1481 1602 1521 ultramontanis
1620 1482 1808 1532 partibus

113 1547 364 1589 potestatem
393 1539 626 1589 inquirendi
656 1539 744 1589 quis
774 1540 991 1579 amborum
1021 1540 1072 1577 sit
1101 1555 1223 1590 papa,
1253 1549 1293 1578 et
1322 1541 1454 1579 eidem
1484 1541 1609 1579 faciat
1639 1541 1808 1579 obediri.

177 1598 278 1648 [Fol.
308 1598 380 1635 192
408 1598 461 1648 r0]
492 1598 603 1636 Aliae
630 1598 790 1636 litterae
817 1599 1003 1648 ejusdcm
1030 1599 1269 1646 VVcnceslai,
1306 1600 1453 1649 quibus
1489 1600 1622 1639 eidem
1656 1600 1810 1638 vicario

114 1657 339 1695 committit
365 1666 619 1707 potestatem
644 1657 895 1695 reformandi
921 1657 1045 1707 ligam
1071 1673 1163 1696 cum
1189 1673 1279 1708 rege
1309 1659 1516 1698 Franciae.

177 1716 279 1766 [Fol.
311 1716 384 1754 192
413 1723 482 1753 νΟ-
501 1716 575 1754 194
600 1716 653 1766 ΓΟ]
682 1717 854 1755 Factum
883 1718 1053 1756 verumd
1077 1718 1306 1756 ominorum
1329 1718 1597 1756 cardinalium
1622 1719 1810 1757 :Dudum

114 1784 273 1813 vacante
301 1775 397 1813 Sede
424 1776 652 1825 apostolica.

178 1833 279 1884 [Fol.
314 1834 387 1872 194
419 1834 567 1872 r0-199
599 1835 657 1885 VO]
692 1835 831 1873 Sermo
863 1835 996 1873 factus
1028 1850 1149 1885 super
1179 1844 1220 1874 et
1252 1850 1324 1885 pro
1368 1836 1578 1874 sedatione
1623 1836 1809 1876 moderni

113 1893 316 1933 scismatis
341 1908 412 1943 per
437 1893 667 1932 Guidonem
692 1894 941 1933 cardinalem
969 1894 1253 1933 pictavensem
1277 1895 1319 1932 in
1343 1896 1501 1945 synodo
1526 1895 1809 1934 Cameracensi

115 1966 223 1990 anno
251 1952 415 1991 Domini
440 1953 811 1990 MCCCLXXXIII
838 1953 900 1991 die
927 1953 1058 2003 prima
1093 1954 1285 2000 octobris,
1320 1954 1590 2004 pontificatus
1627 1955 1809 1992 Clemen-

116 2011 167 2049 tis
200 2012 279 2049 VII
311 2026 419 2049 anno
450 2012 642 2050 secundo.
1326 2007 1330 2012 ⁸

180 2070 281 2120 [Fol.
315 2070 388 2108 199
419 2071 477 2120 VO]
511 2071 689 2109 Litterae
721 2070 892 2121 Anglici,
923 2071 1102 2121 episcopi
1132 2071 1388 2119 Albanensis,
1417 2073 1639 2110 mandatae
1666 2072 1729 2110 die
1760 2072 1810 2110 23

116 2128 219 2179 junii
247 2129 348 2167 1384
375 2145 382 2166 ;
412 2130 610 2179 Quoniam
637 2130 869 2179 periculosa.

182 2187 283 2238 [Fol.
309 2188 383 2226 200
406 2189 457 2239 1¹0]
484 2189 614 2226 Tenor
638 2189 722 2226 veri
746 2189 986 2227 testamenti
1012 2188 1121 2227 Petri
1156 2189 1365 2227 Flandrini
1400 2189 1560 2228 diaconi
1592 2189 1810 2228 cardinalis

119 2246 260 2286 Sancti
288 2247 511 2286 Eustachii.

185 2306 286 2356 [Fol.
316 2306 391 2344 200
421 2307 479 2357 ΥΟ]
510 2307 642 2344 Tenor
670 2306 808 2344 falsati
836 2306 1077 2346 testamenti
1107 2306 1205 2345 dicti
1234 2307 1389 2346 domini
1418 2305 1557 2345 Sancti
1583 2307 1811 2346 Eustachii.

123 2365 256 2413 Quam
280 2364 506 2404 falsitatem
529 2365 734 2404 commisit
758 2365 940 2403 notarius
964 2381 1035 2416 per
1057 2366 1191 2416 plures
1215 2380 1343 2403 annos
1371 2374 1465 2416 post
1496 2374 1672 2405 mortem
1695 2380 1811 2416 prae-

123 2423 223 2462 dicti
241 2423 395 2463 domini
412 2432 453 2462 et
471 2433 693 2474 postquam
711 2424 762 2461 ad
779 2425 1145 2462 Bartholomaeum
1162 2424 1270 2462 idem
1289 2424 1472 2463 notarius
1494 2440 1533 2463 se
1559 2424 1810 2463 transduxit.

187 2482 288 2533 [Fol.
314 2483 387 2520 201
413 2490 471 2521 r0-
488 2483 562 2520 215
583 2482 641 2532 v0]
666 2484 883 2521 Tractatus
907 2483 1082 2521 Perfecti
1104 2483 1151 2521 de
1172 2483 1399 2522 Malatestis
1420 2483 1583 2522 abbatis
1607 2483 1812 2522 Sitriensis

124 2541 446 2580 vicecancellarii
465 2542 700 2580 Cataloniae
716 2556 789 2592 pro
806 2542 1123 2580 Bartholomaeo
1142 2551 1283 2580 contra
1304 2543 1568 2590 Clementem,
1592 2542 1812 2594 inscriptus

121 2601 181 2638 De
212 2600 412 2650 triumpho
444 2602 635 2648 Romano,
677 2600 927 2650 compositus
967 2600 1194 2639 Barcinone
1235 2615 1342 2638 anno
1364 2596 1717 2649 ‘MCCCLXXIX,
1750 2601 1813 2640 die

125 2658 401 2698 sacratissima
434 2659 610 2709 corporis
643 2659 793 2697 Christi
824 2659 981 2698 decima
1013 2659 1160 2697 mensis
1191 2659 1307 2708 junii.

190 2718 292 2767 [Fol.
314 2718 388 2755 215
408 2725 452 2755 v0
465 2740 476 2745 -
492 2718 567 2755 226
586 2717 645 2767 νΟ]
669 2719 884 2756 Tractatus
904 2718 1023 2755 Baldi
1042 2718 1090 2756 de
1111 2718 1275 2756 Perusio
1290 2727 1432 2757 contra
1450 2719 1701 2758 Clementem
1720 2719 1814 2757 VII.

131 2776 280 2826 Incipit
303 2793 310 2815 ε
331 2776 587 2814 61’νιίαε·1)6ί.
612 2777 757 2814 Editus
778 2776 818 2813 in
838 2776 1063 2826 appendice
1084 2776 1185 2814 tomi
1206 2792 1291 2814 xvu
1314 2777 1476 2816 Odorici
1499 2777 1717 2827 Raynaldi.

192 2835 294 2885 [Fol.
317 2835 392 2872 226
413 2843 456 2872 v0
471 2857 482 2862 -
499 2835 573 2872 245
595 2835 646 2884 ΓΟ]
673 2835 831 2873 Tertiae
853 2843 893 2873 et
907 2835 1076 2873 ultimae
1097 2835 1360 2884 allegationes
1382 2835 1552 2874 Joannis
1570 2837 1618 2874 de
1636 2837 1819 2887 Lignano

131 2894 250 2932 valde
284 2908 525 2940 venenosae,
559 2893 652 2932 licet
685 2893 959 2943 superficiales
993 2902 1033 2931 et
1067 2908 1147 2931 non
1179 2894 1304 2932 1eales
1337 2894 1533 2934 existant.
1570 2895 1778 2946 Incipiunt
1811 2911 1819 2936 :

133 2953 238 3003 Quia
266 2961 352 3002 post
378 2953 622 3002 completum.
654 2952 800 2990 Editae
827 2952 868 2989 in
896 2952 1003 2990 calce
1031 2953 1216 3002 ejusdem
1241 2953 1345 2991 tomi
1373 2968 1459 2992 xvn
1486 2954 1549 2992 uti
1576 2954 1734 2993 dictum
1761 2963 1823 2993 est

134 3025 272 3061 supra.

199 3070 301 3120 [Fol.
331 3069 405 3107 245
432 3070 484 3120 r0]
515 3070 645 3107 Tenor
673 3069 907 3108 litterarum
935 3069 1184 3108 directarum
1211 3070 1316 3109 clero
1347 3070 1534 3110 Romano
1561 3072 1613 3110 ab
1641 3068 1846 3111 amicat-⁸

136 3128 341 3166 dinalibus
373 3127 692 3166 Bartholomaei.
