2083 3458
254 221 335 263 814
901 229 1053 255 NOTAE
1088 229 1148 253 AD
1182 228 1310 253 VITAS
1805 210 1959 269 [1297]

259 327 401 356 tanum
436 316 668 365 accingeret
702 314 950 351 liberaturus
986 310 1170 360 reginam
1203 318 1245 348 et
1286 324 1460 359 regnum
1492 318 1752 360 accepturus,
1788 309 1964 349 edixisse

256 378 364 416 diem
392 376 662 415 kalendarum
688 372 907 419 maiarum,
932 379 979 408 ut
1005 370 1154 420 legitur
1178 369 1219 407 in
1243 369 1388 408 eodem
1408 369 1553 406 Diario
1588 369 1642 420 [p.
1671 369 1749 419 14].
1780 369 1964 409 Mutavit

265 446 406 475 autem
425 435 549 486 paulo
569 442 664 484 post
695 432 750 483 [p.
774 431 854 482 18],
877 430 972 480 quia
993 430 1251 468 intellectum
1280 437 1343 467 est
1369 429 1603 467 Genuenses
1624 429 1780 468 misisse
1803 430 1963 480 Neapo-

264 497 334 534 lim
352 496 506 545 legatos
527 493 596 544 qui
614 490 876 531 concordiam
892 497 1136 528 revocarent
1153 488 1260 527 inter
1276 488 1461 538 reginam
1479 488 1686 526 Joannam
1704 496 1745 527 et
1763 489 1964 527 Karolum

265 557 311 594 de
341 553 529 592 Duracio.

317 615 388 653 Die
423 611 589 652 sabbati
622 610 754 661 prima
789 608 929 646 martii
963 622 1097 647 comes
1133 608 1338 654 Casertae,
1373 607 1532 657 legatus
1561 607 1724 657 reginae
1761 608 1965 655 Joannae,

264 674 520 713 Ludovicum
554 668 795 710 sollicitavit
829 677 877 706 ut
911 667 1094 717 accipere
1130 667 1254 705 Vellet
1289 666 1459 704 titulum
1488 666 1601 705 ducis
1633 666 1857 714 Calabriae,
1894 666 1964 717 qui

264 736 325 784 (ut
346 733 494 783 legitur
515 744 636 781 supra
666 729 713 780 [t.
730 729 762 779 1]
776 743 816 778 p.
840 727 931 766 453]
956 726 1240 777 primogenitis
1255 740 1397 775 regum
1415 725 1572 764 Siciliae
1588 726 1716 764 tribui
1734 726 1964 765 consuevit.

263 795 364 832 Cum
398 806 492 841 ergo
529 789 721 839 Aegidius
757 787 998 833 Bellamera,
1034 785 1200 824 auditor
1236 785 1604 833 contradictarum,
1626 785 1790 835 legisset
1824 785 1965 824 literas

262 852 423 902 reginae
450 850 598 901 quibus
624 848 659 887 ei
687 849 814 887 dabat
838 847 947 885 hunc
972 845 1159 893 titulum,
1184 853 1411 895 postquam
1430 859 1538 895 papa
1561 845 1743 883 Clemens
1770 853 1810 883 et
1836 845 1961 884 cardi-

262 913 372 950 nales
407 925 501 949 eum
532 907 690 947 hortati
722 914 859 946 essent
891 914 939 943 ut
971 905 1084 943 illum
1119 904 1337 955 acciperet,
1372 904 1591 943 consensit.
1627 905 1740 955 Papa
1775 903 1884 953 vero,
1917 913 1966 943 ut

263 970 452 1009 dominus
483 968 680 1019 superior,
711 966 746 1005 ei
785 965 961 1004 tradidit
998 964 1172 1003 titulum
1202 964 1316 1002 ducis
1347 963 1559 1002 Calabriae
1589 979 1661 1014 per
1694 963 1965 1003 traditionem

261 1031 416 1078 literae,
449 1037 495 1067 ut
525 1028 674 1078 legitur
704 1027 746 1064 in
774 1025 918 1063 Dz'ario
949 1023 1130 1074 episcopi
1161 1023 1422 1062 Carnotensis
1465 1023 1519 1073 [p.
1553 1023 1633 1073 22].

315 1090 499 1127 Tandem
533 1102 665 1126 comes
701 1084 931 1124 Sabaudiae
964 1083 1109 1123 eodem
1141 1083 1313 1121 advenit
1346 1082 1408 1121 die
1442 1083 1607 1121 sabbati
1641 1098 1745 1120 XXIV
1778 1082 1890 1131 maii,
1922 1082 1964 1120 in

262 1149 399 1199 vigilia
417 1150 694 1193 Pentecostes,
710 1154 757 1183 ut
772 1143 937 1182 notavit
964 1144 1018 1193 [p.
1036 1142 1100 1192 38]
1117 1143 1226 1181 idem
1241 1142 1469 1193 episcopus.
1496 1142 1712 1190 Postridie,
1730 1143 1964 1181 Ludovicus

261 1209 469 1260 profectus
497 1216 559 1245 est
585 1206 637 1244 ad
666 1206 842 1243 Pontem
870 1203 1048 1253 Sorgiae,
1075 1203 1147 1240 ubi
1173 1211 1261 1241 erat
1290 1202 1417 1240 Maria
1445 1202 1532 1252 ejus
1560 1217 1676 1240 uxor.
1708 1202 1814 1240 Hinc
1841 1201 1966 1240 rediit
2006 1219 2010 1222 ·

263 1268 518 1306 Avenionem
550 1266 613 1304 die
646 1279 764 1302 xxvn
809 1263 1012 1314 [Journal,
1045 1277 1083 1312 p.
1118 1262 1181 1309 38,
1214 1261 1294 1311 39].

318 1328 389 1366 Die
412 1326 518 1377 jovis
544 1340 651 1363 XXIX
675 1323 861 1374 ejusdem
886 1322 1034 1360 mensis
1060 1321 1170 1360 facta
1195 1330 1257 1359 est
1281 1320 1472 1359 solemnis
1496 1320 1701 1371 processio
1725 1336 1796 1371 per
1818 1321 1964 1359 urbem

263 1387 591 1425 Avenionensem
618 1399 692 1435 pro
722 1382 827 1421 felici
854 1382 999 1420 itinere
1028 1382 1214 1431 ejusdem
1244 1380 1457 1428 Ludovici,
1486 1380 1682 1419 nimirum
1710 1381 1761 1418 ab
1795 1380 1963 1435 ecclesia

262 1447 415 1485 Beatae
445 1445 596 1483 Mariae
626 1444 674 1481 de
707 1441 876 1480 Domnis
905 1456 1034 1491 usque
1063 1441 1115 1478 ad
1144 1440 1357 1479 ecclesiam
1385 1441 1561 1478 fratrum
1592 1440 1809 1478 Minorum.
1853 1440 1964 1490 Papa

263 1507 445 1545 Clemens
475 1505 552 1543 iter
581 1503 681 1541 illud
712 1501 888 1540 confecit
916 1500 1103 1551 pedibus.
1136 1500 1370 1538 Cardinales
1401 1508 1442 1538 et
1471 1499 1651 1550 episcopi
1680 1508 1799 1538 erant
1827 1498 1964 1537 induti

262 1565 444 1605 vestibus
463 1562 786 1614 pontificalibus.
807 1562 919 1611 Papa
937 1560 978 1597 in
996 1560 1115 1598 aedes
1129 1572 1226 1597 ‘suas
1245 1559 1366 1597 rediit
1384 1558 1625 1609 equitando.
1639 1559 1773 1597 Ceteri
1789 1558 1963 1609 pedibus

272 1625 475 1676 [elom-nal,
495 1638 534 1673 p.
557 1622 637 1671 40].

317 1684 389 1722 [)16
427 1682 593 1721 sabbati
630 1696 736 1719 XXXI
776 1680 871 1717 maii
907 1694 1072 1729 vespere
1110 1678 1219 1717 idem
1257 1678 1491 1716 Ludovicus
1531 1678 1615 1715 dux
1653 1677 1964 1728 Andegavensis

261 1743 435 1783 excessit
476 1741 701 1787 Avenione,
744 1738 1041 1778 comitantibus
1083 1752 1176 1776 eum
1217 1737 1510 1784 cardinalibus,
1544 1737 1646 1776 duce
1696 1736 1965 1785 Bituricensi,

262 1812 302 1841 et
325 1802 474 1842 comite
499 1800 744 1839 Sabaudiae.
770 1799 877 1836 Ante
901 1812 995 1836 eum
1018 1797 1311 1835 deferebantur
1333 1797 1483 1835 vexilla
1504 1797 1768 1847 Andegaviae
1786 1805 1828 1835 et
1850 1797 1961 1835 Cala-

261 1863 386 1901 briae.
420 1861 502 1899 Ivit
530 1869 619 1898 tum
649 1859 700 1896 ad
731 1859 904 1896 Pontem
936 1857 1113 1907 Sorgiae,
1143 1856 1214 1894 ubi
1242 1856 1395 1894 mansit
1422 1871 1552 1906 usque
1581 1856 1634 1894 ad
1663 1856 1772 1894 diem
1800 1864 1964 1894 sextam

261 1922 378 1972 junii.
411 1921 505 1958 Dux
531 1933 628 1957 vero
654 1917 920 1956 Bituricensis
950 1924 990 1954 et
1019 1931 1152 1955 comes
1182 1916 1413 1954 Sabaudiae
1453 1915 1663 1954 redierunt
1691 1915 1960 1954 Avenionem.

264 1982 411 2019 Postea
446 1988 587 2018 tamen
623 1992 756 2017 comes
793 1976 1023 2015 Sabaudiae
1060 1975 1111 2013 ad
1146 1990 1238 2013 eum
1275 1975 1390 2014 venit
1424 1975 1536 2025 apud
1572 1975 1747 2013 Pontem
1783 1975 1962 2025 Sorgiae.

263 2040 460 2078 Abiturus
483 2039 525 2076 in
550 2037 728 2084 Italiam,
752 2036 814 2074 die
837 2044 954 2074 sexta
976 2035 1081 2085 junii
1101 2035 1239 2073 literas
1263 2034 1446 2085 expediri
1466 2034 1603 2084 jussit,
1626 2034 1775 2084 quibus
1797 2029 1962 2085 amplis-

263 2100 409 2138 simam
439 2105 706 2149 potestatem,
739 2095 937 2146 quamdiu
980 2094 1065 2145 ipse
1096 2102 1202 2133 esset
1242 2094 1283 2132 in
1317 2094 1451 2142 Italia,
1482 2093 1631 2132 tribuit
1662 2093 1814 2132 Mariae
1843 2093 1963 2132 uxori

263 2174 372 2197 suae.
406 2159 459 2196 Et
487 2172 583 2195 mox
613 2156 983 2206 Carpentoractum
1020 2154 1229 2205 profectus
1261 2161 1335 2202 est,
1376 2153 1503 2191 Maria
1533 2153 1788 2201 Arausicam‚
1827 2167 1960 2191 comes

265 2217 495 2256 Sabaudiae
522 2215 800 2255 Cavallionem
828 2214 1031 2264 [hum-nal,
1057 2228 1097 2264 p.
1124 2212 1275 2262 41-43].

318 2278 486 2315 Postera
516 2276 578 2314 die
609 2289 741 2314 comes
773 2273 1003 2312 Sabaudiae
1032 2272 1307 2323 proficiscitur
1336 2273 1708 2323 Carpentoractum
1741 2272 1793 2309 ad
1825 2271 1958 2310 Ludo·

265 2337 414 2375 vicum.
438 2336 536 2373 Inde
555 2348 759 2373 recessum
777 2342 838 2371 est
857 2333 920 2371 die
939 2332 1096 2371 veneris
1117 2347 1189 2370 X111
1208 2332 1393 2382 ejusdem
1412 2331 1576 2379 mensis,
1595 2340 1636 2370 et
1653 2331 1786 2381 primo
1805 2331 1962 2381 Aptam

266 2396 419 2434 ,111113111
442 2403 629 2441 ventum,
652 2394 723 2431 ubi
746 2401 834 2431 erat
858 2392 920 2430 die
944 2392 1102 2430 decima
1127 2400 1289 2431 octava.
1317 2391 1389 2430 Die
1414 2391 1507 2430 dein
1531 2406 1605 2428 XXI
1629 2399 1717 2441 erat
1739 2391 1851 2441 apud
1872 2390 1958 2428 Bri—

265 2455 501 2501 gantionem
524 2454 566 2491 in
588 2453 749 2503 alpibus
774 2452 919 2490 Cottiis
949 2451 1149 2501 [Journal‚
1174 2466 1213 2502 p.
1238 2449 1389 2500 43451.
1418 2451 1524 2489 Hinc
1552 2464 1645 2499 ergo
1673 2449 1959 2488 conciliabitur

265 2513 537 2563 discrepantia
555 2527 680 2562 quam
697 2512 738 2549 in
754 2511 929 2549 vetustis
957 2511 1164 2549 codicibus
1192 2510 1409 2549 Froissarti
1425 2510 1471 2560 [t.
1487 2524 1528 2557 x,
1544 2525 1569 2560 p
1585 2541 1591 2548 .
1607 2509 1679 2547 171
1696 2508 1777 2559 sq.]
1794 2507 1958 2559 reperiri

263 2573 320 2610 ait
353 2572 568 2621 Dionysius
598 2570 824 2620 Sauvagius
855 2586 862 2608 :
892 2584 1067 2621 quorum
1095 2570 1300 2620 quaedam
1326 2569 1482 2608 habent
1515 2569 1661 2608 ducem
1687 2568 1959 2617 Andegaven-

263 2647 342 2668 svn]
368 2640 409 2669 et
432 2631 625 2670 comitem
649 2629 878 2668 Sabaudiae
902 2629 1118 2679 arripuisse
1142 2629 1219 2667 iter
1243 2628 1473 2667 Sabaudiae
1497 2637 1538 2667 et
1568 2626 1846 2675 pedemontis,
1877 2626 1956 2664 alia

263 2690 336 2728 iter
356 2690 629 2740 Dalphinatus
646 2688 899 2728 Viennensis.
919 2689 1024 2726 Nam
1038 2688 1265 2738 Brigantio,
1282 2688 1404 2738 vulgo
1420 2688 1636 2734 Briancon,
1652 2695 1763 2725 certo
1777 2685 1958 2736 pertinet

261 2750 310 2786 ad
342 2750 651 2799 l‘mlphinatum.
681 2748 785 2786 Hinc
810 2762 907 2787 vero
932 2756 1126 2798 prompta
1151 2756 1214 2786 est
1238 2747 1304 2785 via
1329 2747 1370 2785 in
1397 2746 1648 2786 Sabaudiam
1664 2745 1692 2784 1.

316 2810 355 2846 l’.
390 2808 477 2855 485,
511 2808 575 2857 lig.
609 2808 671 2846 26.
705 2808 896 2845 THOMAM
941 2822 995 2844 DE
1037 2808 1218 2846 CAsATo.
1256 2807 1318 2844 Ita
1360 2806 1453 2844 libri
1483 2805 1626 2844 nostri.
1661 2804 1749 2843 Lib.
1783 2804 1955 2853 Obligat.

258 2868 311 2901 ΙΝ]
334 2867 496 2904 Casasto
518 2866 543 2905 2.
567 2867 737 2905 Olmeda
759 2867 870 2916 apud
894 2867 1128 2905 Fontanam
1149 2874 1191 2904 et
1212 2866 1474 2906 A'ltamuram
1495 2879 1589 2904 eum
1609 2871 1734 2902 vocat
1755 2864 1959 2901 Thomam

306 2994 332 3024 1.
365 2993 453 3026 Voir
477 2994 520 3027 N.
546 2994 672 3028 Valois
699 2995 768 3038 (op.
794 2995 865 3035 cit„
890 3000 916 3027 t.
940 3006 977 3034 11,
1002 3006 1036 3038 p.
1062 2994 1169 3026 19-21
1196 2999 1234 3026 et
1256 3005 1291 3037 p.
1316 2992 1440 3036 33-49)
1467 3004 1530 3025 sur
1551 2992 1587 3024 la
1610 2991 1708 3024 suite
1733 2990 1795 3023 des
1819 2990 1956 3023 evene-

253 3053 385 3078 ments.

302 3101 329 3131 2.
360 3099 609 3142 Obligationcs
632 3101 689 3140 43,
714 3100 775 3133 fol.
802 3101 846 3134 78
871 3105 914 3133 r0.
