2083 3458
59 218 186 273 [751]
595 233 811 259 PAPARUM
847 233 1230 260 AVENIONENSIUM
1673 220 1758 260 253

110 318 154 357 P.
183 316 271 366 165,
304 317 370 367 lig.
406 315 441 355 9.
483 316 686 355 HABITUM
726 318 935 355 FRATRUM
975 318 1318 356 PREDICATORUM
1358 332 1568 366 SUSCEmT,
1617 318 1754 355 invitis

55 376 287 428 parentibus
324 375 391 426 qui
428 390 517 414 eum
551 376 779 414 monachari
815 377 1007 425 nolebant,
1043 376 1179 427 inquit
1211 377 1388 415 Thomas
1423 377 1753 427 Walsinghamus

66 436 111 487 [t.
135 451 162 484 1,
186 450 225 486 p.
253 435 339 485 12].
366 434 469 474 Vide
499 434 760 473 Guillelmum
796 436 844 474 de
875 436 1013 474 Thoco
1044 435 1087 473 in
1125 436 1217 474 Vita
1250 436 1351 485 ejus,
1386 450 1473 487 cap.
1507 451 1548 485 11,
1584 450 1694 474 num.
1731 435 1754 474 9

66 494 181 546 [Acta
213 502 450 541 sanctorum,
475 501 505 532 t.
528 508 554 541 1,
577 507 697 541 mars,
721 509 757 544 p.
784 493 897 545 661}

107 554 150 593 P.
191 552 279 600 165,
316 552 383 603 lig.
424 552 484 591 11.
525 551 590 589 AD
626 566 868 590 THEOLOGIE
905 567 1212 594 MAGISTERIUM.
1254 554 1384 592 Extat
1420 554 1462 592 in
1500 554 1636 593 codice
1678 552 1756 591 128

54 611 326 650 bibliothecae
364 610 667 658 colbertinae1‚
707 619 748 649 et
792 611 833 649 in
871 612 1001 650 altero
1029 612 1232 652 Ecclesiae
1270 613 1543 661 Carnotensis,
1582 612 1754 664 epistola

53 670 275 710 Alexandri
295 670 349 708 IV
365 670 417 708 ad
435 670 721 709 cancellarium
737 670 1018 719 Parisiensem,
1037 684 1116 721 qua
1134 671 1168 710 ei
1185 671 1335 722 gratias
1352 672 1438 722 agit
1454 672 1504 710 ob
1522 684 1753 710 concessam

53 730 184 769 eidem
208 730 389 768 Thomae
410 728 620 768 licentiam
643 729 801 779 legendi
825 729 866 767 in
890 730 1100 769 academia
1125 730 1353 770 Parisiensi.
1380 731 1533 769 Datam
1557 745 1647 769 eam
1670 744 1754 768 esse

53 803 160 827 anno
194 787 392 837 MCCLV,
420 803 446 826 v
479 802 573 826 non.
620 787 682 838 [3]
718 788 869 835 martii,
904 789 1375 839 testatur,Spondanus,
1409 803 1475 829 an.
1512 789 1625 837 1255,
1666 789 1683 837 ἓ
1719 789 1750 829 7,

56 848 174 896 Quod
196 855 305 886 recte
330 847 517 897 congruit
550 860 642 885 cum
674 846 909 885 narratione
931 847 1128 886 Bernardi
1153 848 1350 886 Guidonis
1364 849 1390 896 2,
1417 849 1485 899 qui
1510 849 1629 886 docet
1661 861 1754 886 eum

54 921 161 945 anno
193 905 357 944 Domini
387 906 565 944 MCCLV
596 905 717 944 fuisse
747 906 1005 944 licentiatum
1035 906 1076 944 in
1114 907 1322 946 academia
1361 907 1587 946 Parisiensi.
1622 907 1754 955 Quare

53 980 213 1005 necesse
245 974 306 1004 est
337 979 469 1004 errare
499 979 566 1004 eos
598 964 667 1014 qui
698 965 887 1003 eumdem
918 973 1070 1015 putant
1100 966 1222 1004 fuisse
1253 967 1410 1004 factum
1441 966 1683 1016 magistrum
1713 965 1754 1003 in

53 1024 259 1074 theologia
281 1038 389 1063 anno
412 1024 636 1062 MCCLIII.
1408 1019 1411 1023 “

114 1082 157 1122 P.
195 1081 282 1132 165,
320 1083 386 1133 lig.
421 1081 483 1121 33.
526 1083 700 1121 EnrcTo.
737 1082 843 1122 C'est
875 1083 913 1121 la
954 1083 1226 1122 constitution
1263 1084 1365 1121 Cum
1405 1083 1503 1120 inter
1543 1082 1754 1120 nonnullos

56 1143 217 1193 (Eubel,
247 1143 295 1182 Β.
321 1143 383 1190 F.‚
413 1150 443 1181 t.
474 1158 511 1189 v,
537 1156 576 1180 n.
606 1140 711 1191 518).

108 1202 150 1241 P.
188 1201 276 1250 166,
309 1201 376 1252 lig.
413 1201 473 1240 19.
510 1202 751 1239 POSTILLAM
783 1199 912 1239 PETRI
948 1202 1107 1240 JOHAN.
1132 1202 1239 1240 Ante
1274 1216 1398 1251 quam
1441 1202 1489 1240 de
1522 1202 1598 1240 hac
1632 1215 1754 1239 causa

55 1263 238 1311 agamus,
273 1260 481 1299 notandus
515 1268 576 1299 est
608 1260 776 1310 insignis
811 1275 919 1298 error
952 1260 1178 1299 Abrahami
1209 1260 1366 1308 Bzovii,
1394 1261 1462 1310 qui
1497 1275 1603 1298 anno
1640 1259 1753 1307 1199,

61 1319 77 1369 ἓ
99 1319 162 1368 39,
185 1320 244 1358 ait
265 1320 374 1358 hunc
396 1320 564 1358 Petrum
588 1318 758 1358 Jeannis
780 1319 930 1357 vixisse
958 1333 1003 1357 ea
1034 1327 1296 1369 tempestate.
1321 1319 1490 1369 Accepit
1520 1328 1660 1357 autem
1689 1319 1754 1357 ille

53 1379 159 1417 hanc
185 1378 419 1429 opinionem
452 1393 502 1417 ex
526 1378 696 1416 Elencho
722 1377 924 1415 haeresum
955 1378 1152 1416 Gabrielis
1181 1378 1354 1417 Prateoli
1390 1378 1442 1429 [p.
1471 1378 1584 1428 394].
1613 1378 1754 1416 Melius

52 1436 162 1476 idem
186 1437 377 1486 Bzovius,
405 1451 469 1476 an.
499 1437 613 1484 1310,
648 1437 664 1486 ἓ
693 1437 753 1485 11,
780 1437 850 1475 ubi
878 1445 1059 1475 aetatem
1087 1437 1197 1475 Petri
1223 1446 1391 1476 revocat
1417 1437 1469 1475 ad
1496 1451 1541 1475 ea
1568 1445 1754 1487 tempora

54 1496 202 1547 quibus
242 1497 424 1536 Clemens
464 1497 498 1534 V
538 1496 673 1534 tenuit
720 1496 959 1534 cathedram
1000 1496 1245 1544 Rcmanam,
1286 1496 1395 1546 quod
1434 1496 1598 1534 videtur
1645 1509 1755 1534 3006-

52 1556 158 1606 pisse
185 1570 235 1594 ex
258 1555 475 1593 Directorio
506 1555 750 1605 Inquisitor„
773 1562 879 1605 part.
907 1555 959 1604 ΙΙ,
990 1569 1026 1604 q.
1057 1569 1114 1592 xv
1149 1555 1202 1605 [p.
1225 1554 1338 1605 299].
1371 1555 1617 1604 Quanquam
1643 1554 1752 1592 istud

54 1629 196 1653 verum
222 1629 303 1653 non
328 1623 402 1653 est.
429 1614 683 1664 Waddingus
710 1614 831 1662 enim,
858 1628 922 1653 an.
952 1614 1066 1662 1297,
1101 1614 1117 1661 ἓ
1141 1614 1191 1652 33
1227 1614 1272 1664 [t.
1301 1629 1339 1662 V,
1366 1629 1404 1664 p.
1433 1613 1548 1664 378],
1576 1613 1755 1652 ostendit

51 1673 168 1712 illum
199 1682 411 1712 mortuum
443 1688 527 1712 esse
561 1673 630 1711 diu
663 1681 759 1712 ante
794 1673 1011 1712 Clementis
1045 1673 1351 1723 pontificatum.
1388 1673 1547 1711 Extant
1579 1672 1620 1709 in
1652 1672 1755 1710 libro

53 1733 230 1771 secundo
258 1733 606 1771 Miscellaneorum
632 1740 879 1780 nostrorum,
907 1747 945 1782 p.
975 1731 1063 1782 258,
1092 1732 1301 1783 opiniones
1329 1732 1415 1782 ejus
1444 1746 1544 1781 quas
1572 1730 1755 1781 magistri

52 1790 93 1828 in
129 1791 334 1841 theologia
370 1792 609 1841 haereticas,
648 1792 960 1839 erroneas‚'aut
996 1791 1232 1830 temerarias
1269 1805 1353 1829 esse
1399 1798 1656 1829 censuerunt.
1698 1789 1756 1827 De

51 1850 204 1889 iisdem*
224 1850 457 1889 haeresibus
486 1850 580 1889 vide
610 1850 840 1889 Guidonem
869 1851 1106 1900 episcopum
1137 1850 1420 1898 Helenensem,
1449 1849 1489 1887 in
1520 1849 1685 1887 Summa
1714 1849 1757 1886 de

53 1909 292 1957 haeresibus,
330 1918 371 1948 et
408 1909 624 1948 Nicolaum
662 1909 865 1959 Eymerici
901 1909 943 1947 in
977 1909 1194 1947 Directorio
1230 1909 1531 1959 Inquisitorurn,
1560 1916 1667 1958 part.
1703 1908 1755 1954 ΙΙ,

54 1982 91 2017 q.
121 1982 166 2006 1x
207 1968 261 2019 [p.
293 1968 407 2019 268].
440 1968 682 2019 Apologiam
701 1969 716 1990 ³⁵
746 1968 856 2007 Petri
887 1968 1057 2007 ,loannis
1088 1969 1250 2018 scripsit
1279 1967 1501 2006 Ubertinus
1533 1967 1580 2005 de
1611 1967 1755 2013 Casali,

54 2027 169 2077 cujus
195 2028 403 2078 exemplar
427 2028 536 2066 idem
556 2027 826 2077 VVaddingus,
849 2041 913 2065 an.
943 2027 1056 2075 1297,
1081 2027 1097 2076 ξ
1123 2027 1187 2074 36,
1213 2027 1322 2077 apud
1349 2042 1389 2065 se
1415 2026 1537 2064 fuisse
1564 2033 1752 2063 testatur.

57 2086 227 2125 Initium
245 2086 331 2137 ejus
353 2087 474 2125 fuisse
496 2086 705 2124 Sanctitati
724 2086 960 2136 apostolicae
978 2094 1096 2136 patet
1116 2100 1165 2124 ex
1183 2085 1332 2136 pagina
1354 2085 1442 2132 279,
1463 2084 1645 2135 ejusdem
1663 2083 1753 2122 libri

54 2145 220 2183 secundi
248 2145 609 2184 Miscellaneorum.
641 2145 812 2183 Erudite
839 2159 936 2183 vero
965 2159 1057 2183 eum
1086 2145 1270 2183 defendit
1297 2145 1405 2182 idem
1434 2144 1686 2192 Waddingus
1715 2142 1755 2179 in

53 2204 141 2242 loco
162 2205 285 2255 paulo
307 2213 403 2242 ante
424 2204 607 2242 laudato.
629 2204 790 2242 Inlibro
811 2218 930 2254 porro
946 2204 1114 2242 Arnaldi
1128 2203 1346 2242 Camerarii
1363 2203 1449 2240 ⁴ita
1464 2202 1662 2251 scriptum
1679 2209 1752 2239 est:

54 2261 201 2301 Littera
233 2263 386 2301 domini
422 2263 622 2301 Johannis
655 2277 758 2313 pape
790 2263 930 2300 XXII
963 2263 1165 2300 continens
1199 2263 1299 2312 quocl
1334 2262 1417 2312 ipse
1452 2275 1529 2297 non
1563 2260 1755 2297 commisit

55 2320 174 2370 finale
193 2321 392 2372 judicium
413 2322 689 2372 apostillarurn
709 2322 846 2371 fratris
868 2321 976 2360 Petri
1002 2321 1201 2359 Johannis
1223 2322 1266 2358 cle
1289 2320 1423 2357 ordine
1445 2320 1494 2356 M
1499 2320 1667 2365 inor-um,
1690 2318 1756 2354 secl

53 2380 385 2419 examinationem
417 2388 581 2428 tanturn,
615 2388 648 2418 et
681 2380 800 2430 finale
829 2380 1028 2430 judicium
1061 2381 1104 2418 de
1136 2380 1215 2417 hiis
1246 2380 1326 2417 sibi
1359 2378 1574 2416 reservavit.
1606 2377 1755 2413 Datum

54 2438 249 2476 Aviniont
274 2439 308 2477 V
324 2439 400 2477 kal.
422 2439 587 2477 octobris
605 2439 861 2489 pontificatus
878 2439 943 2477 sui
962 2453 1067 2477 anno
1085 2439 1249 2488 septimo
1280 2438 1343 2488 [27
1363 2436 1593 2486 septembre
1614 2434 1712 2473 1322
1726 2434 1753 2484 ].

57 2497 104 2536 In
125 2497 311 2547 Catalogo
337 2498 585 2536 bibliothecae
602 2496 618 2521 5
642 2498 840 2536 Benedicti
862 2498 996 2545 XIII,
1020 2498 1087 2536 fol.
1113 2497 1173 2545 14,
1198 2497 1431 2535 continetur
1453 2495 1640 2552 elenchus
1664 2508 1756 2543 pos-

53 2555 247 2605 tillarum,
280 2571 302 2595 a
335 2557 456 2595 Petro
489 2557 688 2595 Johannis
721 2557 925 2595 editarum
956 2557 997 2594 in
1028 2555 1161 2594 varios
1193 2556 1314 2593 libros
1347 2567 1483 2592 sacrae
1515 2552 1753 2602 scripturae.

56 2615 269 2654 Praeterea
294 2616 424 2666 alique
449 2616 709 2665 consessiones
733 2624 767 2653 et
790 2616 896 2653 litere
920 2615 1017 2653 edite
1041 2629 1109 2664 per
1133 2614 1308 2651 ezmzdem
1332 2613 1383 2650 ad
1407 2612 1613 2660 magistros
1638 2610 1754 2647 Pari-

54 2673 202 2712 sienses
236 2675 303 2724 qui
336 2675 715 2725 condempnaverant
749 2674 851 2712 dicta
884 2689 970 2712 sua.
1011 2674 1113 2711 Item
1148 2680 1351 2710 tractatus
1384 2672 1442 2708 De
1469 2668 1613 2708 iisuriS.
1650 2669 1752 2707 Item

106 2825 136 2858 1.
156 2825 196 2858 B.
217 2825 274 2865 N.‚
293 2837 360 2858 ms.
379 2825 475 2858 latin
490 2825 584 2859 4184
604 2825 698 2869 (voir
714 2826 861 2864 Baluzc‚
882 2831 907 2858 t.
925 2837 975 2864 111,
994 2836 1029 2867 p.
1048 2823 1096 2867 1).

106 2878 137 2911 2.
155 2878 302 2918 Archiv,
322 2884 348 2912 t.
365 2891 402 2918 11,
422 2890 456 2922 p.
476 2879 556 2912 206.

107 2932 138 2964 3.
163 2931 213 2964 Le
237 2931 276 2965 P.
303 2931 413 2964 Ehrle
435 2932 484 2964 l⁷a
505 2931 654 2975 publiee
675 2931 966 2974 integralement
989 2930 1081 2962 dans
1104 2927 1251 2968 Archiv,
1276 2933 1302 2961 t.
1325 2939 1362 2967 11,
1386 2939 1421 2970 p.
1446 2927 1616 2960 377-416.

106 2984 138 3017 4.
163 2984 204 3018 B.
232 2984 289 3024 N.‚
315 2996 382 3018 ms.
407 2984 502 3017 latin
524 2984 629 3024 5181,
654 2984 678 3018 f.
705 2985 774 3017 220
796 2985 840 3017 1²⁰.

107 3037 138 3070 5.
158 3037 199 3070 B.
221 3036 278 3077 Ν.,
297 3049 364 3070 1115.
383 3037 479 3070 latin
496 3036 590 3070 5156
606 3037 649 3070 A.
667 3055 716 3060 —
732 3036 802 3069 Sur
818 3036 869 3068 les
887 3035 996 3069 ecrits
1015 3035 1059 3067 de
1079 3034 1200 3067 Pierre
1218 3033 1315 3066 Jean
1333 3032 1450 3072 Olieu,
1471 3031 1551 3065 voir
1570 3031 1608 3064 F.
1631 3031 1755 3071 Ehrle,

58 3088 189 3122 Petrus
209 3089 395 3123 Johannis
415 3088 524 3123 olivi.
542 3089 631 3122 Sein
650 3089 771 3122 Leben
793 3089 869 3121 und
886 3087 985 3121 scine
1006 3086 1186 3129 Schriften
1210 3085 1368 3129 (Archiv,
1391 3091 1418 3118 t.
1440 3097 1490 3123 111,
1508 3096 1542 3128 p.
1566 3083 1755 3126 460-552).
