2083 3458
239 263 318 304 170
883 275 1034 301 NOTAE
1069 274 1129 300 AD
1164 273 1291 298 vlTAs
1814 255 1939 312 [683]

236 370 423 410 agentem
444 362 595 400 aboleri
615 361 729 399 illum
747 359 925 409 jussisse.
950 359 1061 396 Haec
1081 364 1177 395 sunt
1196 356 1281 406 ejus
1303 355 1442 403 verba,
1462 370 1499 406 p.
1524 355 1612 403 751,
1632 355 1775 406 prioris
1795 355 1938 393 editio-

236 422 294 459 nis
322 437 328 459 :
356 421 576 470 Septimum
597 420 702 469 juris
725 418 927 470 pontificis
950 417 1110 463 librum,
1135 429 1246 465 quem
1270 414 1450 453 Clemens
1473 414 1635 465 quintus
1659 415 1831 453 decessor
1852 414 1939 464 ejus

234 488 512 530 composuerat.
536 480 603 517 sed
622 479 722 529 quod
745 478 867 515 multa
885 491 981 527 quae
1003 474 1254 525 simplicitati
1273 473 1524 522 christianae,
1540 473 1711 512 libertati
1733 473 1939 522 religionis

234 540 488 589 imponerent,
515 538 571 576 ibi
604 538 904 584 continerentur,
929 535 1131 586 publicare
1162 534 1444 584 supersederat,
1469 542 1581 583 atque
1615 533 1795 571 animam
1817 547 1939 582 agens

233 598 378 636 aboleri
401 598 583 647 jusserat,
603 597 736 643 edidit,
756 595 891 634 omnia
913 608 1009 645 quae
1033 594 1179 632 ibidem
1202 592 1351 643 scripta
1374 601 1485 631 erant
1508 601 1594 631 rata
1613 592 1694 641 fore
1718 592 1939 642 constituit;

233 672 328 707 quae
346 673 366 694 (l
387 656 606 704 Benedicto,
626 656 692 706 qui
713 654 864 693 ιΙοαηηιῖ
881 653 1077 700 successit,
1096 666 1234 690 rursus
1257 652 1464 702 antiquata
1483 661 1588 690 sunt.
1606 652 1718 690 Haec
1734 667 1758 690 a
1775 651 1937 690 Wilhel-

232 732 292 753 ino
325 715 552 754 Occamensi
584 714 728 765 accepi.
765 715 908 752 Petrus
941 711 1161 751 Bertrandi
1194 711 1410 749 cardinalis
1446 711 1482 750 S.
1519 711 1737 749 Clementis
1770 710 1814 748 in
1846 725 1934 761 cap.

234 776 405 813 Abbates
424 775 472 813 (le
491 774 695 824 rescriptis
714 773 757 812 in
775 771 1045 819 Clementinis,
1066 771 1125 809 ait
1146 787 1153 808 :
1175 770 1302 809 NISI
1325 770 1436 808 UBI.
1458 770 1538 808 Hic
1558 784 1677 820 usque
1699 771 1751 808 ad
1778 770 1937 808 verbum

236 835 291 872 SI
313 834 447 884 QUS
468 833 546 882 fuit
567 842 654 883 post
675 832 886 870 concilium
915 831 1135 869 viennense
1158 830 1317 868 additus
1339 844 1408 880 per
1432 830 1519 868 illos
1541 830 1685 879 quibus
1710 829 1806 868 istae
1828 844 1937 867 cons-

233 894 431 931 titutiones
453 893 494 930 in
515 893 655 930 melius
675 891 944 940 reformandae
959 890 1188 928 commissae
1200 889 1373 938 fuerunt.
1394 889 1506 927 Unde
1525 903 1593 939 per
1612 889 1681 927 hoc
1700 889 1810 927 dicas
1827 888 1937 939 ipsas

231 953 352 1001 ligare
376 968 399 989 a
423 961 589 1002 ternpore
613 951 818 989 missionis
841 950 993 988 domini
1014 951 1075 988 JO.
1098 963 1240 999 papae,
1257 963 1335 986 non
1353 963 1377 986 a
1394 957 1562 999 tempore
1588 948 1741 998 primae
1755 948 1934 999 publica-

231 1021 360 1049 tionis.

284 1071 325 1108 P.
353 1079 412 1117 Η,
437 1070 502 1119 lig.
528 1070 562 1109 2.
588 1069 720 1117 OssuT,
746 1083 825 1106 non
857 1068 979 1106 nimis
1000 1073 1129 1115 senex,
1154 1075 1201 1105 ut
1223 1067 1282 1105 ait
1306 1067 1486 1106 Joannes
1513 1067 1714 1115 Andreae,
1739 1067 1780 1105 in
1800 1067 1933 1117 glossa

229 1130 398 1179 proemii
433 1129 781 1167 Clementinarum.

284 1189 325 1228 P.
360 1204 416 1235 st,
442 1188 507 1237 lig.
536 1188 572 1226 3.
600 1202 657 1226 ΧΠ
685 1202 779 1226 KAL.
809 1201 911 1226 ΜΑΠ.
944 1186 1059 1224 Istud
1086 1186 1212 1224 etiam
1238 1200 1331 1224 vere
1357 1185 1487 1224 tradit
1515 1186 1694 1224 Joannes
1718 1185 1934 1233 Villanius,

228 1247 295 1286 lib.
321 1248 393 1294 IX,
415 1261 501 1297 cap.
524 1261 619 1285 Lv111
642 1246 870 1297 [Muratori,
890 1254 919 1285 t.
942 1260 1028 1293 xm,
1049 1246 1122 1284 001.
1144 1245 1250 1297 471].
1271 1245 1336 1282 An
1355 1253 1496 1284 autem
1515 1259 1612 1283 vera
1643 1245 1697 1283 sit
1714 1245 1934 1283 inclemen-

228 1307 384 1344 tissima
415 1306 484 1345 illa
517 1314 657 1355 satyra
691 1320 816 1356 quam
849 1305 992 1344 statim
1025 1304 1167 1343 subdit
1199 1305 1396 1343 adversus
1431 1305 1683 1343 Clementem
1716 1319 1798 1343 non
1831 1304 1934 1343 adeo

232 1366 491 1415 exploratum
508 1366 695 1404 habetur.
715 1365 785 1403 Ait
802 1365 909 1403 enim
936 1365 1052 1403 illuni
1078 1364 1202 1402 fuisse
1217 1364 1426 1402 hominem
1443 1378 1629 1411 avarum,
1649 1363 1934 1411 simoniacum,

228 1425 495 1472 luxuriosum,
525 1425 595 1474 qui
621 1425 797 1463 amicam
823 1424 1005 1462 habebat
1032 1423 1284 1462 comitissam
1312 1423 1687 1473 Petragoricensem
1713 1423 1934 1473 pulcherri-

228 1498 338 1522 mam
368 1484 576 1531 feminam,
610 1484 736 1522 filiam
764 1483 924 1522 comitis
956 1483 1167 1530 Fuxensis,
1196 1482 1506 1521 Brunissendim
1534 1482 1729 1520 nimirum
1757 1490 1934 1521 matrem

227 1542 475 1592 Talayrandi
508 1543 736 1582 cardinalis.
773 1543 883 1581 Haec
917 1542 1025 1581 enim
1059 1542 1195 1580 omnia
1228 1556 1250 1580 a
1283 1542 1394 1580 nullo
1431 1542 1509 1580 alio
1544 1556 1669 1592 quam
1701 1556 1725 1580 a
1757 1541 1934 1580 Villanio

228 1610 601 1641 commemorantur
621 1610 662 1640 et
682 1610 825 1640 sancto
845 1602 1070 1649 Antonino,
1092 1601 1156 1640 tit.
1180 1616 1268 1648 XXI,
1292 1615 1380 1652 cap.
1401 1616 1458 1649 111,
1486 1601 1502 1630 Q
1522 1601 1559 1649 3,
1582 1601 1652 1651 qui
1672 1615 1722 1639 ex
1742 1600 1933 1649 Villanio,

228 1669 273 1699 ut
302 1669 488 1711 apparet,
518 1662 688 1712 accepit.
720 1661 838 1700 Unde
867 1661 1052 1711 sequitur
1080 1661 1239 1699 nullum
1267 1661 1361 1699 huic
1390 1660 1616 1699 narrationi
1645 1660 1932 1699 fulcimentum

228 1720 313 1758 (lari
335 1735 384 1758 ex
404 1720 639 1759 testimonio
660 1720 872 1759 Antonini.
894 1721 1038 1770 Itaque
1061 1720 1321 1771 Spondanus,
1337 1734 1402 1759 an.
1426 1720 1539 1768 1314,
1567 1720 1582 1749 Q
1604 1720 1639 1767 2,
1662 1728 1703 1758 et
1733 1720 1932 1758 Odoricus

229 1779 482 1828 Raynaldus,
506 1780 593 1818 eod.
617 1794 697 1827 an.,
727 1780 743 1828 ξ
767 1780 828 1833 15,
852 1779 982 1818 dicere
1004 1794 1088 1817 non
1109 1779 1338 1818 debuerant
1359 1780 1432 1818 1135
1452 1779 1629 1829 ineptias
1652 1778 1826 1829 scriptas
1847 1793 1933 1818 esse

227 1838 350 1875 etiam
369 1853 391 1876 a
409 1839 485 1888 piis
502 1839 612 1886 viris,
632 1853 724 1877 cum
742 1853 764 1876 a
782 1839 892 1877 nullo
911 1839 989 1877 alio
1007 1839 1182 1889 scriptae
1201 1839 1283 1877 sint
1301 1853 1426 1889 quam
1444 1853 1467 1877 a
1484 1838 1659 1877 Villanio
1678 1847 1732 1886 et,
1751 1838 1820 1888 qui
1838 1853 1932 1877 eum

228 1897 450 1936 describere
485 1898 599 1945 solet,
634 1897 857 1937 Antonino.
894 1898 1139 1948 Spondanus
1173 1906 1314 1936 tamen
1347 1912 1414 1936 eas
1447 1898 1670 1948 redarguit,
1703 1897 1932 1948 itidemque

247 1957 482 2005 ‘laynalduffi
510 1965 751 2007 argumento
779 1965 820 1996 et
844 1957 1056 2008 ipsissimis
1084 1957 1294 2008 Spondani
1321 1957 1455 1996 verbis
1482 1972 1593 2005 usus,
1621 1957 1810 2007 quamvis
1838 1971 1931 1996 eum

230 2030 308 2052 non
330 2024 524 2055 nominet.

282 2075 322 2112 l'.
348 2075 407 2121 Π,
428 2075 493 2124 lig.
517 2075 577 2114 11.
598 2075 643 2114 B.
666 2075 837 2113 MARIAE
860 2090 915 2112 DE
938 2076 1119 2114 UzEsTA.
1140 2076 1331 2123 Bzovius,
1353 2090 1417 2114 an.
1442 2075 1555 2123 1330,
1583 2076 1600 2124 ἕ
1621 2075 1683 2122 61,
1704 2090 1755 2113 ex
1771 2083 1933 2125 regesto

228 2133 397 2171 ,loannis
423 2134 551 2171 XXII
576 2134 716 2172 scribit
739 2135 1028 2182 Bertrandum,
1054 2135 1342 2175 vicecomitem
1365 2135 1626 2183 Leomaniae,
1651 2134 1870 2173 Clementis
1895 2134 1930 2172 V

226 2200 430 2242 nepotem,
468 2193 709 2243 reponendis
746 2194 833 2243 ejus
871 2194 1028 2232 ossibus
1064 2208 1202 2232 arcam
1238 2202 1476 2244 argenteam
1511 2208 1611 2232 auro
1646 2202 1688 2233 et
1722 2193 1929 2244 lapidibus

226 2251 411 2300 pretiosis
447 2260 638 2290 ornatum
672 2253 803 2303 pretio
837 2267 960 2303 supra
995 2253 1297 2304 quinquaginta
1332 2253 1439 2292 mille
1470 2267 1688 2291 nummum
1712 2267 1930 2291 aureorum

226 2325 481 2360 comparasse
507 2312 786 2362 reponendam
811 2326 932 2362 super
957 2313 1166 2362 tumulum
1192 2312 1280 2362 ejus
1305 2312 1348 2350 in
1373 2312 1541 2352 ecclesia
1569 2313 1741 2351 Usestae
1760 2313 1787 2351 ¹.
1819 2312 1929 2350 Infra

227 2383 354 2418 quum
385 2383 549 2420 agemus
583 2370 630 2409 de
663 2371 869 2410 Galhardo
901 2371 1105 2410 cardinale
1138 2372 1185 2410 de
1218 2372 1361 2410 Motha
1392 2372 1518 2410 visuri
1550 2386 1690 2410 sumus
1722 2385 1816 2411 eum
1847 2370 1929 2409 suis

226 2428 458 2478 sumptibus
478 2430 725 2468 exstruxisse
743 2430 975 2480 sepulcrum
994 2431 1225 2469 Clementis.

280 2488 322 2525 P.
354 2488 414 2529 77,
440 2488 504 2537 lig.
536 2488 594 2527 12.
625 2489 869 2528 CANoNicos
896 2504 1044 2529 JNSTIT.
1072 2489 1312 2539 Aymericus
1345 2490 1395 2528 de
1422 2490 1603 2539 Peyraco
1639 2489 1767 2528 abbas
1795 2489 1931 2538 Moys-

227 2545 414 2584 siacensis
448 2547 490 2585 in
523 2547 658 2586 codice
684 2548 813 2587 28:352
837 2548 1109 2587 bibliothecae
1141 2549 1412 2597 Colbertinae,
1439 2549 1507 2588 fol.
1533 2549 1584 2587 89
1607 2553 1644 2587 r0
1670 2564 1677 2587 :
1706 2549 1816 2586 Idem
1845 2548 1930 2586 Cle-

228 2620 334 2641 mens
369 2619 490 2653 genus
522 2621 639 2644 suum
672 2607 915 2655 sublimavit,
950 2616 984 2645 et
1015 2609 1134 2658 plura
1167 2616 1294 2645 castra
1326 2608 1450 2646 eidem
1483 2607 1710 2647 construxit.
1743 2607 1930 2645 Decimus

226 2664 436 2701 Leomanie
455 2665 655 2703 nobilibus
677 2666 863 2704 concessit
879 2667 1202 2717 contemplatione
1221 2667 1456 2705 vicecomitis
1475 2667 1626 2717 nepotis
1647 2666 1725 2705 sui.
1748 2666 1800 2704 Et
1821 2667 1929 2704 colle-

229 2722 333 2769 gium
360 2724 402 2759 ‹le
431 2723 668 2762 Villanclruu
690 2733 723 2762 et
751 2725 883 2763 Uzeste
908 2725 1091 2773 instituit,
1116 2734 1150 2764 et
1169 2725 1236 2775 jus
1258 2734 1491 2776 patronatus
1508 2725 1639 2775 generi
1655 2740 1726 2763 suo
1744 2724 1930 2763 concessit

228 2780 270 2815 in
296 2791 536 2830 perpetuum.
566 2783 769 2821 Predictus
794 2799 904 2834 papa
929 2784 1109 2822 Clemens
1138 2785 1172 2822 V
1198 2799 1275 2822 non
1301 2784 1428 2835 potuit
1456 2785 1548 2822 bene
1578 2784 1747 2834 fundare
1782 2784 1929 2822 dictum

228 2840 429 2885 collegium,
468 2841 599 2879 [kene
630 2856 698 2879 seu
731 2843 774 2879 de.
805 2843 1055 2890 lillandrau,
1088 2844 1155 2881 sed
1185 2843 1360 2881 oneravit
1389 2858 1647 2881 successorem
1678 2858 1797 2881 suum
1829 2844 1932 2893 quod

229 2897 401 2945 impleret
422 2900 521 2947 quod
541 2900 623 2949 ipse
645 2901 850 2950 inceperat.
874 2902 1084 2952 Propterea
1104 2902 1288 2940 dominus
1311 2902 1513 2940 „lohannes
1532 2902 1683 2950 XXII,
1706 2902 1930 2940 immediate

277 3030 307 3061 ¹1.
338 3031 505 3063 (Limus-1112
532 3032 563 3064 V
591 3035 752 3067 conceda
781 3035 843 3068 (105
873 3035 1022 3069 saveurs
1050 3036 1070 3068 a
1092 3036 1254 3070 diverses
1283 3037 1439 3080 reprises
1467 3038 1498 3069 10
1526 3037 1572 3070 30
1598 3036 1679 3080 juin
1707 3037 1801 3071 1313
1829 3042 1866 3070 et
1892 3037 1924 3069 le

229 3082 271 3112 14)
295 3082 425 3114 fax-rivi
448 3085 535 3116 1314
561 3086 731 3125 (Clement
754 3087 796 3127 V,
818 3100 852 3121 11.
877 3089 991 3122 ’10009
1012 3095 1049 3122 cl.
1070 3089 1216 3134 10340).

278 3138 306 3166 2.
341 3135 376 3168 13.
399 3136 453 3171 N..
473 3148 539 3170 nis.
559 3138 651 3170 latin
670 3139 762 3172 4991
779 3141 824 3173 A.
