2083 3458
119 221 270 277 [1110]
637 236 854 261 PAPARUM
889 236 1271 261 AVENloNENsmM
1468 258 1471 261 .
1718 221 1798 262 633

105 318 150 356 in
182 332 332 368 papam
366 332 477 367 quem
512 318 657 357 vellent.
695 319 745 356 Et
779 319 884 356 locus
919 319 987 355 ubi
1022 326 1131 356 erant
1165 318 1396 368 designabat
1417 320 1516 369 quod
1540 320 1742 357 adversam
1765 328 1799 357 et

106 378 251 416 malam
277 385 427 427 partem
453 376 644 425 fovebant.
675 378 841 416 Certum
868 386 929 415 est
956 386 1096 415 autem
1123 377 1233 415 istud
1262 392 1343 415 non
1370 378 1550 428 potuisse
1578 379 1797 429 approbari

104 437 156 474 ab
179 436 359 474 Urbano.
383 435 498 474 Adde
520 436 803 475 testimonium
827 437 936 474 Petri
967 436 1181 474 cardinalis
1205 437 1343 475 Sancti
1375 437 1584 475 Eustachii
1618 438 1687 487 qui
1717 453 1795 476 res-

103 495 287 546 pondens
330 494 628 544 objectionibus
671 496 961 546 archiepiscopi
1004 495 1189 533 Toletani
1218 496 1276 533 ait
1318 496 1529 533 Urbanum
1584 510 1794 546 nunquam

103 554 277 592 voluisse
302 553 489 592 assentiri
514 554 776 592 celebrationi
802 555 958 592 concilii
984 555 1189 604 generalis.
1219 555 1330 593 Haec
1354 563 1450 593 sunt
1483 555 1568 604 ejus
1606 555 1729 594 verba
1749 555 1763 578 ¹
1784 572 1792 594 :

103 613 180 651 Sed
201 612 449 651 adversarius
474 627 678 662 nunquam
703 613 745 650 in
769 613 900 663 aliquo
924 614 1087 651 concilio
1111 614 1339 651 concordare
1371 614 1502 652 voluit.
1534 615 1646 662 Ymo,
1680 624 1794 664 prout

101 672 261 722 scripsit
293 686 415 709 manu
446 685 519 708 sua
553 672 710 709 domino
744 680 871 710 nostro
905 687 1008 710 unus
1041 673 1085 710 de
1118 673 1420 710 notabilioribus
1452 673 1612 722 prelatis
1650 674 1791 721 Ytalie‚

102 746 190 769 cum
212 731 341 781 pridie
364 731 628 768 concordasset
651 731 756 769 viam
779 731 936 768 concilii
959 739 992 769 et
1015 731 1237 769 tradidisset
1260 732 1406 769 litteras
1433 732 1598 770 bullatas
1621 732 1792 770 dominis

101 790 196 827 meis
222 789 401 835 Ytalicis‚
425 797 557 839 postea
576 789 670 838 facti
694 790 872 839 penitens
893 790 1046 840 repetiit
1067 790 1231 833 litteras2
1254 799 1287 828 et
1310 790 1389 840 ipsi
1412 791 1562 828 domini
1585 791 1671 838 mei,
1695 792 1790 829 litte-

101 849 157 886 ris
179 849 265 886 suis
287 848 367 886 sibi
391 848 591 896 restitutis,
619 849 661 885 in
684 849 792 886 totali
816 849 1011 886 discordia
1035 858 1268 887 recesserunt
1292 850 1335 887 de
1359 850 1437 887 loco
1462 850 1529 887 uhi
1553 859 1674 897 erant,
1699 859 1732 888 et
1754 865 1793 888 se

99 908 173 945 sub
192 908 366 946 dominio
384 907 631 945 serenissime
651 907 806 945 domine
824 908 956 957 regine
977 908 1112 946 Sicilie
1132 917 1382 946 retraxerunt.
1406 910 1459 946 Et
1487 911 1609 958 paulo
1637 918 1730 959 post
1747 909 1762 932 ²
1783 925 1790 947 ε

99 967 151 1005 Et
175 967 240 1005 hec
265 975 331 1015 est,
358 974 468 1017 pater
494 966 562 1014 mi,
590 967 730 1004 veritas
755 982 858 1017 pura
883 975 917 1004 et
941 967 1121 1017 simplex,
1149 967 1234 1005 licet
1261 968 1323 1005 ille
1349 968 1582 1017 perditionis
1615 968 1724 1017 filius
1751 968 1793 1006 in

99 1026 242 1076 patriis
264 1040 360 1076 quas
380 1025 481 1063 videt
500 1034 662 1075 paratas
682 1027 734 1063 ad
754 1026 926 1064 veritatis
946 1026 1189 1075 agnitionem
1210 1026 1287 1064 dici
1307 1027 1428 1075 saciat
1448 1021 1673 1075 fraudulose
1694 1028 1794 1077 quod

99 1085 179 1123 vult
204 1085 426 1131 concilium,
456 1093 497 1122 ut
521 1085 579 1122 sic
604 1086 736 1135 plures
763 1093 886 1123 teneat
913 1085 956 1122 in
982 1100 1104 1123 errore
1130 1100 1354 1135 suspensos,
1382 1095 1415 1123 et
1442 1087 1484 1123 in
1512 1086 1592 1123 illis
1619 1086 1794 1136 quesibi

98 1144 283 1182 obediunt
305 1144 478 1182 absolute
503 1152 617 1193 negat
638 1158 678 1181 se
701 1145 792 1181 velle
815 1144 1026 1182 concilium
1048 1153 1255 1194 acceptare.
1286 1145 1429 1194 Itaque
1452 1146 1520 1182 illa
1545 1146 1702 1183 concilii
1726 1146 1791 1183 via

98 1218 148 1241 ex
169 1196 285 1253 parte
310 1203 466 1241 Urbani
488 1211 575 1241 erat
598 1217 707 1241 mera
729 1203 875 1250 illusio,
899 1212 940 1242 et
962 1204 1176 1241 manifeste
1202 1204 1380 1241 ostendit
1403 1205 1503 1242 falso
1526 1212 1566 1242 et
1587 1205 1791 1243 immerito

97 1262 311 1300 laudatam
325 1262 367 1300 in
381 1263 457 1300 hoc
473 1262 594 1300 fuisse
610 1262 854 1301 modestiam
870 1271 911 1300 et
926 1263 1176 1312 aequitatem
1193 1263 1279 1312 ejus
1295 1263 1347 1300 ab
1369 1263 1540 1301 Odorico
1561 1264 1789 1312 Raynaldo,

99 1321 167 1371 qui
184 1336 345 1360 rursum
362 1322 414 1359 ad
432 1336 586 1359 annum
606 1321 718 1369 1409,
744 1321 760 1351 Q
778 1322 840 1369 47,
860 1322 907 1360 de
926 1322 1095 1360 concilio
1112 1322 1233 1360 toties
1252 1322 1302 1359 ab
1323 1322 1488 1360 Urbano
1508 1323 1645 1360 oblato
1662 1323 1790 1372 loqui-

98 1388 166 1418 tur
187 1381 230 1418 in
251 1381 339 1419 loco
364 1395 445 1418 non
469 1395 555 1427 suo,
580 1381 620 1418 id
645 1389 719 1428 est,
745 1381 898 1430 absque
921 1381 1088 1431 judicio,
1114 1389 1160 1418 ut
1183 1382 1297 1419 solet.

153 1440 311 1478 Interea
339 1440 435 1477 dum
473 1439 696 1478 cardinales
732 1440 991 1489 exquirerent
1018 1455 1063 1478 ea
1100 1440 1264 1478 consilia
1293 1454 1395 1490 quae
1423 1441 1474 1478 ad
1499 1454 1642 1489 pacem
1668 1441 1789 1490 perti-

97 1507 252 1546 nerent,
275 1507 521 1549 tempusque
543 1499 585 1536 in
607 1500 667 1537 his
691 1499 1052 1537 deliberationibus
1076 1508 1394 1546 consumeretur,
1419 1500 1564 1549 quibus
1587 1515 1627 1537 se
1651 1507 1789 1549 aperte

95 1557 296 1596 ludificari
319 1558 370 1596 ab
395 1558 562 1596 Urbano
584 1558 796 1605 videbant,
820 1559 1031 1597 decrevere
1055 1559 1236 1596 dandum
1259 1573 1342 1597 esse
1365 1559 1533 1597 tandein
1555 1558 1789 1608 episcopum

98 1617 307 1656 Romanae
339 1617 553 1656 Ecclesiae.
589 1618 624 1655 Is
654 1618 732 1655 fuit
762 1618 944 1655 Clemens
972 1618 1088 1656 istius
1118 1618 1293 1657 nominis
1322 1618 1531 1667 septimus.
1562 1618 1666 1656 Tum
1695 1631 1789 1655 vero

97 1676 311 1714 cardinalis
340 1677 478 1714 Sancti
508 1677 719 1715 Eustachii
746 1677 906 1726 scripsit
933 1685 1160 1715 tractatum
1186 1692 1259 1727 pro
1287 1677 1518 1715 defensione
1547 1676 1645 1726 juris
1673 1676 1788 1714 istius

96 1735 313 1773 Clementis
338 1736 532 1774 adversus
560 1736 786 1774 Urbanum.
816 1737 945 1774 Extat
968 1737 1033 1775 ille
1057 1737 1098 1774 in
1123 1737 1370 1774 bibliotheca
1396 1736 1609 1782 Vaticana,
1635 1750 1684 1773 ex
1709 1749 1788 1784 qua

96 1794 248 1832 citatur
270 1795 322 1832 ab
347 1795 520 1833 Odorico
546 1795 776 1845 Raynaldo.
804 1796 933 1833 Extat
956 1796 1078 1833 etiam
1103 1796 1144 1833 in
1168 1796 1373 1834 codicibus
1390 1794 1466 1833 812
1487 1804 1528 1833 et
1551 1794 1627 1832 814
1648 1794 1788 1832 biblio-

95 1853 237 1892 thecae
275 1854 531 1892 Colbertinae
545 1853 573 1893 3.
605 1854 811 1893 Adversus
848 1855 960 1892 illum
1001 1855 1124 1892 dubia
1163 1855 1365 1904 quaedam
1403 1854 1616 1904 proposuit
1645 1854 1788 1892 Petrus

94 1912 421 1963 archiepiscopus
462 1913 696 1960 Toletanus,
737 1928 910 1963 quorum
950 1928 1139 1963 magnam
1190 1922 1350 1964 partem
1397 1913 1525 1951 edidit
1540 1911 1556 1934 4
1593 1913 1788 1950 Odoricus

97 1971 350 2021 Raynaldus,
369 1972 421 2010 ad
439 1986 594 2010 annum
613 1973 725 2011 1381.
749 1973 956 2022 Integrum
976 1974 1080 2011 illius
1101 1988 1200 2023 opus
1219 1981 1336 2011 extat
1350 1973 1391 2010 in
1407 1972 1541 2010 codice
1557 1971 1788 2009 815010110-

94 2031 236 2069 thecae
254 2031 510 2070 Colbertinae
528 2040 569 2070 et
586 2032 629 2070 in
647 2032 782 2070 codice
800 2032 878 2070 842
896 2033 1033 2070 Sancti
1054 2033 1225 2070 Victoris
1254 2032 1487 2069 Parisiensis
1506 2031 1534 2069 5.
1566 2030 1789 2080 Responsio

93 2097 234 2128 autem
252 2090 361 2128 Petri
380 2091 589 2129 Flandrini
606 2091 658 2129 ad
677 2091 925 2141 objectiones
944 2091 1235 2141 archiepiscopi
1253 2091 1439 2129 Toletani
1456 2098 1572 2128 extat
1589 2090 1629 2127 in
1646 2089 1788 2127 eodem

95 2148 230 2187 codice
247 2148 326 2187 815
342 2149 613 2189 bibliothecae
632 2151 888 2189 Colbertinae
908 2151 933 2189 ⁶.
958 2152 1003 2188 In
1021 2151 1161 2189 eodem
1189 2164 1349 2188 rursum
1375 2150 1509 2187 codice
1529 2149 1542 2171 ⁷
1566 2147 1644 2186 815
1666 2148 1787 2186 habe-

92 2215 161 2245 tur
177 2207 289 2246 litera
307 2209 429 2247 missa
445 2217 578 2247 contra
594 2210 814 2248 cardinales
831 2224 899 2259 per
917 2210 1149 2259 magistrum
1166 2210 1226 2248 M.
1248 2208 1559 2258 Neapolitanum
1576 2208 1788 2244 Bar-ensem

93 2267 137 2304 de
165 2267 300 2305 ordine
327 2268 624 2306 Predicatorum
651 2283 770 2319 super
811 2269 1044 2318 impressiva
1072 2268 1250 2306 electione
1277 2268 1382 2317 sacta
1411 2267 1454 2304 in
1488 2267 1589 2305 (frbe
1617 2267 1661 2303 de
1690 2266 1787 2303 Bar-

140 2408 172 2441 1.
200 2408 514 2450 Bliemetzrieder,
536 2422 593 2454 op.
617 2412 688 2451 cit,
711 2424 745 2455 p.
769 2412 825 2445 88.

141 2461 172 2494 2.
207 2461 254 2494 Ut
277 2473 318 2501 s.‚
346 2475 380 2506 p.
408 2464 464 2496 89.

139 2514 171 2547 3.
201 2514 241 2547 Β.
266 2515 324 2555 Ν.,
346 2527 432 2549 mss.
454 2516 567 2550 latins
589 2517 694 2557 1472,
717 2517 779 2550 fol.
803 2519 822 2550 5
850 2518 947 2550 r0-45
978 2522 1016 2547 v⁰
1043 2523 1080 2549 et
1100 2516 1205 2555 1469,
1228 2516 1289 2549 fol.
1322 2516 1337 2547 1
1362 2516 1458 2548 r0-'14
1476 2520 1502 2548 ⁰.
1523 2534 1571 2537 —
1598 2514 1688 2547 Voir
1706 2514 1787 2546 l'in-

91 2566 257 2600 dicatiori
279 2568 341 2601 des
364 2575 489 2602 autres
512 2571 738 2604 manuscrits
760 2577 798 2603 et
818 2570 849 2603 le
873 2576 975 2602 texte
999 2571 1048 2602 du
1064 2570 1175 2602 traite
1198 2570 1290 2601 dans
1313 2568 1613 2601 Bliemetzrieder
1637 2566 1787 2610 (Litera-

89 2620 204 2653 rische
223 2621 399 2661 Polemik,
424 2634 458 2665 p.
482 2623 595 2667 3-71).

137 2673 170 2706 4.
200 2673 337 2707 L'ecrit
368 2675 411 2708 de
444 2675 565 2709 Pierre
595 2676 754 2710 Tenorio
770 2688 792 2709 a
813 2678 871 2710 ete
894 2675 993 2709 aussi
1014 2675 1140 2719 publie
1161 2686 1228 2718 par
1250 2675 1417 2707 Martene
1440 2680 1478 2707 et
1502 2673 1658 2706 Durand
1683 2672 1787 2716 (The-

89 2736 222 2759 saurus
246 2738 359 2760 novus
382 2729 646 2769 anecdotorum,
673 2729 787 2770 Paris,
814 2730 918 2768 1717,
945 2735 971 2762 t.
996 2741 1033 2768 11,
1059 2740 1094 2772 p.
1120 2727 1354 2771 1101-1120).

139 2780 170 2812 5.
192 2779 232 2813 B.
256 2780 313 2820 N.,
335 2792 421 2814 mss.
443 2781 556 2814 latins
584 2781 690 2822 1470,
721 2782 785 2816 fol.
813 2783 859 2816 40
878 2782 971 2815 r0—51
995 2786 1038 2821 r0,
1060 2787 1099 2814 et
1118 2780 1246 2819 14643,
1268 2780 1330 2813 fol.
1353 2780 1421 2812 114
1440 2780 1561 2812 r0-124
1576 2784 1621 2819 ΓΟ,
1643 2780 1710 2812 163
1731 2783 1787 2811 v⁰-

90 2831 158 2865 169
176 2837 226 2872 v0,
245 2833 314 2866 189
332 2838 388 2865 v0-
404 2834 472 2867 193
489 2839 532 2868 ΓΟ.
551 2834 641 2868 Voir
654 2835 891 2869 l'indication
908 2835 970 2868 des
988 2841 1112 2867 autres
1129 2833 1354 2866 manuscrits
1372 2833 1464 2865 dans
1481 2832 1606 2866 Valois
1627 2833 1695 2876 (op.
1714 2832 1786 2871 cii,

90 2890 117 2918 t.
136 2896 160 2924 1,
182 2896 217 2928 p.
240 2886 336 2929 207).

138 2938 170 2971 6.
191 2938 232 2972 Β.
256 2939 313 2978 Ν.,
338 2951 405 2972 ms.
427 2939 522 2972 latin
541 2940 647 2980 1470,
671 2940 733 2974 fol.
752 2941 796 2974 52
815 2941 912 2974 r0-60
940 2945 991 2973 v⁰.
1011 2939 1314 2973 Bliemetzrieder
1339 2938 1420 2981 (Die
1442 2938 1661 2972 literarische
1683 2937 1787 2970 Pole-

89 2991 175 3031 mik,
201 3003 236 3035 p.
263 2992 321 3036 72)
350 3004 370 3025 a
393 2993 547 3036 indique
572 2993 738 3027 d’autres
762 2993 988 3026 manuscrits
1011 2999 1050 3025 et
1073 2992 1199 3036 publie
1222 2991 1258 3024 la
1280 2993 1436 3035 reponse
1461 2991 1504 3039 de
1531 2991 1652 3024 Pierre
1678 2991 1786 3023 Flan—

90 3043 184 3077 drin.

136 3096 168 3130 7.
188 3097 229 3130 Β.
252 3097 309 3138 Ν.,
330 3110 397 3132 ms.
417 3098 512 3131 latin
530 3098 635 3139 1470,
656 3099 718 3132 fol.
740 3100 808 3133 238
828 3099 956 3132 κιο-246
974 3103 1017 3131 r0.
