2083 3458
83 222 236 277 [1114]
604 236 819 260 PAPARUM
855 234 1236 260 AVENIONENSIUM
1684 218 1762 260 637

123 319 242 356 Anno
275 318 416 357 eodem
450 326 612 356 secutus
647 326 707 356 est
741 316 976 366 Gregorium
1014 317 1073 353 XI
1108 325 1271 354 euntem
1306 317 1347 353 in
1384 317 1564 359 Italiam;
1599 324 1639 354 et
1671 324 1764 366 post

70 378 280 416 biennium
314 377 420 414 vidit
455 377 658 415 obsessam
695 377 849 415 curiam
884 384 924 413 et
959 376 1142 413 clausum
1176 376 1297 413 armis
1333 384 1534 418 senatum,
1571 375 1764 424 quemad-

71 437 239 475 modum
268 436 343 474 sub
371 436 541 486 imperio
573 435 798 473 Domitiani
826 434 1006 473 evenisse
1038 435 1229 472 observat
1258 435 1422 472 Tacitus
1452 435 1494 472 in
1531 434 1617 471 Vita
1647 434 1764 483 Agri-

71 496 185 534 colae.
212 495 325 534 Adeo
350 503 489 533 autem
513 495 700 545 publicus
725 503 766 532 et
791 493 1032 531 manifestus
1058 493 1136 530 fuit
1161 501 1294 531 metus
1319 508 1368 531 ex
1395 494 1589 531 Romanis
1615 507 1765 543 papam

75 555 308 592 Romanum
346 555 410 592 vel
453 554 641 591 Italicum
679 553 915 604 petentibus
954 566 1027 602 pro
1066 552 1235 601 imperio
1274 560 1320 589 ut
1371 553 1586 590 cardinalis
1626 551 1763 590 Sancti

72 613 215 663 Angeli
240 613 388 667 dixerit
413 628 453 651 se
479 612 706 651 consentire
732 611 919 650 electioni
942 611 1247 648 Bartholomaei
1272 619 1437 648 tantum
1463 619 1628 661 propter
1652 611 1765 648 illum

72 681 241 711 metum.
275 672 390 710 Istud
419 672 598 711 Joannes
627 671 826 717 Columbi,
855 670 1019 708 clericus
1049 670 1274 707 dioeceseos
1304 670 1610 717 Avenionensis,
1640 669 1766 707 domi-

72 732 193 769 cellus
222 731 422 769 Bonifacii
451 731 500 768 de
531 730 759 777 Amanatis,
779 737 958 767 testatur
987 729 1063 766 sibi
1093 729 1249 766 dictum
1280 729 1400 766 fuisse
1431 743 1452 766 a
1484 729 1687 766 cardinale
1718 728 1766 765 de

74 790 222 828 Lunal
257 806 265 828 :
304 790 401 828 Item
433 790 588 827 audivit
621 790 723 839 quod
754 788 972 827 cardinalis
1006 788 1143 826 Sancti
1178 788 1323 836 Angeli
1358 788 1508 825 diderat
1542 788 1584 824 in
1617 787 1765 836 capella

74 850 228 899 quando
251 849 366 899 fiebat
387 849 528 896 electio,
553 849 653 898 quod
675 848 758 898 ipse
780 862 859 885 non
879 847 1044 885 habebat
1065 847 1232 884 liberum
1253 847 1463 884 arbitrium
1484 855 1639 896 propter
1661 855 1763 883 noto-

74 908 176 946 riam
208 908 504 958 impressionem
535 922 652 957 quam
683 907 847 954 videbat,
880 914 915 944 et
947 907 1047 956 quod
1077 906 1339 943 consentiebat
1370 906 1495 943 taliter
1525 905 1700 955 qualiter,
1733 913 1766 942 et

74 967 246 1005 credebat
274 967 494 1005 electionem
524 967 676 1004 nullam
704 980 795 1005 esse.
828 966 926 1003 Post
956 965 1203 1003 celebratam
1234 965 1484 1012 electionem,
1512 978 1604 1003 cum
1634 964 1767 1001 adhuc

74 1035 232 1065 teneret
259 1040 396 1065 omnes
425 1026 715 1072 consternatio,
743 1024 980 1071 cardinales,
1008 1024 1153 1074 egressi
1180 1025 1385 1071 conclave,
1412 1024 1454 1063 in
1481 1024 1612 1061 varias
1631 1031 1765 1073 partes

75 1086 276 1124 abierunt.
306 1086 383 1124 Sed
410 1085 647 1123 Guillelmus
677 1084 850 1123 Noelleti
876 1084 1091 1122 cardinalis
1120 1083 1259 1121 Sancti
1286 1083 1427 1132 Angeli
1454 1083 1556 1120 abiit
1582 1083 1623 1120 in
1649 1081 1765 1120 aedes

76 1145 290 1183 cardinalis
313 1145 361 1183 de
385 1144 590 1194 Agrifolio.
617 1144 679 1182 Sic
702 1144 811 1182 enim
832 1143 979 1192 legitur
999 1143 1039 1181 in
1064 1142 1316 1192 depositione
1342 1142 1527 1180 Roderici
1552 1141 1766 1186 Fernandi,

76 1204 316 1255 portionarii
353 1203 555 1242 Ecclesiae
601 1202 868 1253 Hispalensis,
912 1201 981 1251 qui
1024 1202 1157 1240 fuerat
1202 1202 1355 1240 Romae
1398 1209 1580 1251 tempore
1623 1200 1766 1237 mortis

77 1260 256 1313 Gregorii
283 1263 342 1300 XI
368 1271 409 1301 et
431 1262 640 1301 electionis
666 1261 822 1300 Urbani
840 1261 855 1283 ²
880 1277 887 1298 :
917 1261 1014 1298 Item
1037 1260 1255 1298 cardinales
1280 1261 1323 1298 de
1347 1260 1556 1309 Agrijolio,
1581 1267 1615 1296 et
1638 1259 1766 1296 Picta-

76 1322 217 1370 vensis,
241 1322 376 1360 Sancti
397 1322 556 1371 Angeli,
578 1330 611 1359 et
631 1320 876 1358 Ficariensis
897 1315 1132 1373 recesserunt
1146 1320 1190 1357 de
1211 1320 1310 1357 dicto
1331 1319 1515 1366 conclavi,
1531 1327 1565 1356 et
1585 1325 1768 1355 venerunt

76 1396 165 1419 cum
185 1381 383 1419 cardinale
404 1382 447 1419 de
468 1380 666 1430 Agrifolio
687 1381 738 1417 ad
756 1379 957 1417 ecclesiam
978 1379 1114 1417 Sancti
1136 1379 1313 1429 Spiritus
1333 1379 1384 1416 ad
1403 1393 1520 1415 suum
1541 1377 1768 1427 hospitium,

77 1440 171 1490 quia
191 1448 271 1478 erat
292 1441 385 1478 liora
406 1440 518 1478 tarda
540 1440 694 1489 quando
716 1446 912 1486 venerunt,
937 1446 970 1476 et
991 1438 1196 1476 veniebant
1219 1438 1384 1475 multum
1404 1438 1529 1475 tristes
1550 1444 1583 1474 et
1606 1436 1769 1473 multum

76 1499 170 1549 sessi
194 1500 238 1537 de
261 1500 360 1538 dicto
384 1499 567 1537 conclavi.
594 1499 644 1536 Et
665 1499 826 1548 suerunt
850 1498 906 1535 ibi
931 1512 1050 1547 usque
1073 1498 1125 1535 ad
1147 1505 1305 1535 noctem.
1331 1497 1380 1534 Et
1404 1496 1557 1546 quando
1579 1495 1657 1544 suit
1681 1509 1768 1540 noas,

78 1558 171 1609 quia
202 1573 279 1596 non
309 1567 418 1596 erant
447 1558 586 1605 securi,
618 1558 793 1595 timentes
825 1557 1038 1595 induerunt
1066 1571 1105 1593 se
1137 1556 1331 1594 mantellis
1365 1556 1542 1593 brevibus
1574 1568 1691 1604 usque
1721 1554 1771 1591 ad

78 1618 250 1656 medium
277 1618 384 1665 tibie,
415 1632 461 1655 ne
489 1624 805 1666 cognoscerentur
832 1631 856 1654 a
884 1616 1089 1663 Romanis,
1119 1624 1153 1653 et
1182 1616 1333 1653 iverunt
1360 1616 1411 1652 ad
1438 1622 1608 1652 castrum
1636 1612 1770 1650 Sancti

78 1677 235 1727 Angeli.
261 1677 314 1714 Et
336 1677 458 1715 ceteri
481 1676 643 1726 quidem
668 1684 951 1715 remanserunt
972 1676 1015 1713 in
1036 1683 1170 1713 castro
1194 1674 1332 1713 Sancti
1355 1674 1509 1724 Angeli.
1534 1674 1588 1710 At
1610 1672 1770 1710 Guillel-

78 1750 166 1775 mus
195 1745 332 1774 noster
357 1737 464 1774 ultra
487 1750 719 1786 progressus
745 1743 819 1782 est,
845 1734 896 1772 ad
916 1743 1096 1773 castrum
1124 1734 1279 1772 Ardeae
1306 1733 1526 1784 profectus,
1554 1739 1600 1769 ut
1626 1731 1771 1780 legitur

77 1795 120 1833 in
140 1796 259 1833 Facto
278 1795 582 1833 Bartholomaei
603 1794 713 1844 apud
735 1794 955 1832 Odoricum
979 1793 1255 1843 Raynaldum,
1271 1807 1336 1830 an.
1355 1792 1467 1839 1378,
1492 1792 1507 1839 ξ
1527 1791 1575 1829 87
1598 1807 1607 1828 :
1634 1790 1770 1828 Cardi-

80 1855 184 1892 nalis
198 1854 333 1892 Sancti
347 1854 492 1903 Angeli
504 1855 557 1892 ad
574 1862 743 1891 castrum
757 1853 921 1900 Ardeae,
939 1853 1039 1902 quod
1052 1860 1105 1890 est
1121 1852 1346 1890 monasterii
1363 1850 1498 1889 Sancti
1511 1849 1645 1896 Pauli,
1660 1848 1773 1897 cujus

78 1914 201 1951 abbas
231 1922 312 1951 erat
341 1922 375 1951 et
405 1921 459 1951 est
490 1914 816 1951 ultramontanus.
854 1912 958 1950 Item
990 1920 1168 1950 testatur
1201 1911 1379 1950 Jacobus
1412 1910 1460 1948 de
1494 1910 1596 1948 Seva
1628 1909 1669 1946 in
1700 1922 1772 1945 suo

80 1973 199 2011 Facto
213 1971 242 2021 3,
259 1987 298 2023 p.
317 1972 392 2010 495
412 1988 419 2010 ε
439 1972 670 2010 Cardinalis
688 1971 823 2010 Sancti
840 1971 986 2020 Angeli
1003 1971 1157 2009 recessit
1172 1971 1224 2008 ad
1239 1970 1432 2020 quoddam
1448 1976 1618 2007 castrum
1634 1967 1771 2012 Ardee,

81 2032 181 2081 quod
200 2040 254 2069 est
275 2031 500 2069 monasterii
523 2031 658 2069 Sancti
680 2030 801 2069 Pauli
823 2031 867 2068 de
894 2030 1008 2068 Urbe.
1035 2030 1173 2068 Rediit
1193 2030 1235 2067 in
1258 2029 1410 2067 Urbem
1432 2028 1494 2066 die
1518 2042 1602 2065 xvir
1625 2025 1771 2064 mensis

80 2091 216 2141 aprilis
246 2105 339 2129 cum
368 2091 509 2129 ceteris
540 2090 811 2128 cardinalibus
842 2090 911 2139 qui
940 2104 990 2127 ex
1018 2103 1064 2127 ea
1094 2089 1374 2134 discesserant,
1404 2096 1445 2125 et
1480 2087 1541 2124 die
1571 2085 1772 2123 dominica

80 2150 267 2200 sequenti
300 2165 400 2187 xvm
432 2148 616 2199 ejusdem
647 2149 795 2188 mensis
827 2148 1014 2186 interfuit
1046 2147 1299 2186 coronationi
1333 2146 1500 2184 Urbani.
1537 2146 1647 2183 Haec
1678 2151 1774 2181 sunt

81 2209 206 2247 verba
235 2209 347 2247 Facti
375 2209 487 2247 missi
515 2209 567 2246 ad
595 2222 730 2257 regem
759 2208 955 2246 Castellae
985 2222 1055 2257 per
1083 2207 1272 2245 eumdem
1302 2205 1515 2243 Urbanum
1546 2220 1553 2241 :
1584 2203 1671 2253 Qua
1700 2202 1772 2248 die,

80 2267 225 2306 scilicet
247 2268 402 2305 sabbati
426 2267 565 2315 sancti,
591 2267 810 2305 cardinales
834 2266 900 2316 qui
925 2266 1122 2303 exiverant
1148 2265 1292 2303 Urbem
1314 2264 1435 2302 simul
1459 2277 1546 2300 cum
1581 2262 1674 2300 aliis
1708 2260 1773 2310 qui

82 2335 348 2365 remanserant
369 2327 411 2364 in
437 2327 551 2374 Urbe,
572 2326 673 2364 sicut
690 2326 818 2375 suerat
838 2325 1092 2363 deliberatum
1111 2332 1144 2361 et
1164 2323 1473 2369 determinatum,
1495 2335 1626 2358 omnes
1653 2320 1775 2357 simul

83 2386 127 2423 de
151 2376 261 2424 'nocte
288 2394 323 2424 et
350 2394 438 2424 ante
467 2386 570 2423 diem
598 2385 747 2423 Pasche
777 2385 820 2422 in
846 2384 948 2421 dicta
977 2383 1152 2430 basilica,
1178 2382 1333 2420 traditis
1358 2381 1437 2432 ipsi
1467 2380 1623 2418 domino
1648 2387 1774 2416 nostro

45 2471 47 2473 -
82 2445 244 2492 annulo,
265 2445 401 2494 pallio,
422 2453 455 2481 et
473 2444 634 2482 servatis
654 2443 838 2481 omnibus
858 2442 1082 2480 cerimoniis
1102 2441 1307 2489 consuetis,
1330 2440 1413 2490 ipse
1433 2439 1616 2477 dominus
1637 2445 1773 2483 noster,

82 2503 340 2541 servientibus
363 2512 397 2541 et
420 2503 694 2541 assistentibus
718 2502 797 2540 sibi
822 2501 1006 2539 omnibus
1030 2500 1314 2547 cardinalibus,
1342 2499 1504 2537 missam
1527 2496 1776 2547 solempniter

36 2562 40 2563 ⁷
84 2562 298 2610 celebravit,
324 2562 366 2599 in
389 2577 465 2612 qua
488 2576 619 2599 omnes
643 2561 799 2599 diaconi
823 2560 1042 2598 cardinales
1063 2567 1351 2597 sacramentum
1379 2556 1610 2596 eucharistie
1641 2555 1776 2606 palam

83 2630 117 2659 et
143 2621 298 2672 publice
325 2628 560 2671 receperunt.
590 2620 745 2670 Quibus
780 2619 964 2657 omnibus
991 2618 1182 2669 perfectis,
1212 2626 1304 2664 etc.,
1335 2625 1381 2654 ut
1416 2615 1526 2666 apud
1555 2614 1775 2653 Odoricum

86 2680 362 2729 Raynaldum,
392 2693 457 2718 an.
489 2679 602 2726 1378,
638 2680 655 2728 ἓ
683 2678 733 2716 94
760 2694 820 2729 sq.

137 2739 309 2777 Videtur
332 2739 453 2776 fuisse
477 2752 636 2788 praeses
664 2738 807 2776 Rotae.
835 2737 999 2775 Etenim
1024 2735 1213 2785 Aegidius
1237 2735 1464 2772 Bellamora
1488 2733 1530 2770 in
1554 2747 1640 2782 cap.
1666 2732 1719 2769 At
1741 2730 1776 2767 si

84 2798 225 2846 clerici,
251 2799 311 2835 De
336 2797 515 2847 judiciis,
544 2805 585 2834 et
612 2797 652 2834 in
683 2810 770 2847 cap.
801 2796 1021 2841 Praeterea,
1049 2795 1106 2831 De
1144 2793 1381 2840 ditationib„
1411 2792 1496 2842 ejus
1526 2791 1776 2830 mentionem

84 2857 182 2898 iacit
197 2865 399 2907 tanquam
415 2856 446 2894 si
462 2855 596 2893 litium
614 2855 655 2892 in
680 2868 849 2893 romana
867 2854 976 2892 curia
1002 2853 1272 2903 pendentium
1286 2860 1392 2890 esset
1408 2864 1619 2901 supremus
1635 2849 1774 2899 judex.

134 2994 166 3027 ‘l.
195 2993 236 3026 Β.
263 2992 321 3033 N.,
345 3004 412 3025 ms.
436 2991 532 3024 latin
554 2989 683 3030 11745,
707 2989 769 3023 fol.
794 2990 863 3023 168
887 2993 937 3022 v0.

136 3047 167 3080 2.
196 3046 263 3079 Ms.
293 3045 376 3085 cite,
405 3044 467 3077 fol.
497 3044 564 3077 103
593 3048 643 3076 v0.

135 3100 167 3133 3.
194 3098 367 3138 Bulaeus,
394 3097 562 3130 Historia
590 3095 848 3129 Universitatis
872 3094 1109 3134 Parisiensis,
1137 3099 1163 3127 t.
1187 3104 1238 3127 ιν.
