2083 3458
308 237 390 280 788
957 254 1109 280 NOTAE
1143 255 1203 280 AD
1238 256 1366 281 VITAs
1861 240 2012 296 [1267]
2064 264 2071 304 ¹¹1

308 338 391 388 pati
417 338 529 387 quod·
543 338 706 376 intraret
731 352 896 387 regnum
922 338 1102 386 Castelle,
1130 338 1225 388 quia
1250 347 1331 377 erat
1355 340 1400 377 cle
1426 339 1586 377 natione
1612 339 1854 388 Anglicana.
1885 340 2014 377 Erant

307 397 416 436 enim
441 397 560 447 Angli
585 398 723 436 hostes
749 412 986 437 communes
1014 398 1267 437 Francorum
1292 407 1333 437 et
1359 399 1700 446 Castellanorum,
1726 407 1774 436 ut
1803 399 1854 436 ad
1879 413 2015 449 regem
2050 406 2053 453 J

310 456 510 494 Karolum
538 457 572 494 V
598 456 741 495 scribit
771 458 950 496 „loannes
979 473 1049 496 rex
1076 458 1291 496 Castellae.

364 516 409 553 In
432 530 478 554 ea
502 515 675 566 epistola
695 516 724 564 Ἰ,
749 530 853 567 quae
878 516 1030 567 scripta
1054 526 1116 555 est
1142 531 1250 556 anno
1274 517 1492 558 millesimo
1515 518 1801 557 CCCLXXIX
1824 526 2014 566 exeunte,

307 575 416 615 idem
442 576 622 614 Joannes
649 591 721 615 rex
746 584 928 615 testatur
954 576 1097 616 missos
1123 578 1247 627 paulo
1273 586 1370 616 ante
1397 577 1520 616 fuisse
1546 577 1588 615 in
1616 577 1834 617 Franciam
1858 577 2014 627 legatos

308 635 379 685 qui
401 635 484 685 regi
511 635 663 674 Karolo
688 636 910 674 suaderent
932 636 995 674 uti
1019 637 1299 676 controversia
1325 637 1373 675 de
1396 646 1554 688 papatu
1579 637 1832 676 defineretur
1855 636 1897 674 in
1921 651 2014 675 con-

308 695 398 733 cilio
422 695 611 745 generali.
636 696 775 743 Porro,
790 695 941 746 inquit,
957 696 992 733 si
1015 696 1067 734 ad
1090 711 1135 734 ea
1158 711 1229 746 que
1249 711 1318 747 per
1340 695 1631 735 ambasciatores
1653 705 1805 734 nostros
1825 711 1850 734 a
1871 696 2014 734 sereni-

263 798 268 800 >
308 755 399 792 tatis
430 763 548 792 vestre
579 755 779 806 presentia
809 756 1011 793 redeuntes
1043 756 1157 794 nobis
1188 771 1233 794 ea:
1263 765 1373 806 parte
1404 765 1528 795 vestra
1561 756 1769 794 insinuata
1799 756 2015 794 didicimus

307 814 538 852 distulimus
557 815 790 865 respondere
809 815 970 853 claritas
990 824 1115 854 vestra
1136 830 1215 853 non
1236 812 1410 854 miretur.
1436 816 1489 854 Hi
1509 816 1634 866 legati
1655 816 1766 854 fuere
1792 815 2014 854 Rodericus

307 874 505 912 Bernardi
531 883 571 913 et
598 875 743 913 Petrus
772 874 990 922 Fernandi,
1014 883 1062 913 ut
1097 875 1203 914 infra
1229 891 1268 926 p.
1298 875 1399 913 1274
1433 884 1614 915 testatur
1638 875 1748 914 idem
1775 875 2013 914 Rodericus.

361 933 438 971 Sed
463 934 539 972 hoc
563 934 651 973 loco
677 949 717 972 se
742 934 859 972 nobis
884 934 1032 985 ingerit
1056 934 1197 985 ingens
1224 935 1458 974 difficultas.
1486 935 1710 974 Monachus
1740 935 1892 985 quippe
1920 934 2014 973 Dio-

308 992 504 1042 nysianus
526 993 541 1015 2
563 994 632 1044 qui
654 1008 726 1044 per
747 1008 793 1032 ea
815 1003 1003 1044 tempora
1027 994 1190 1045 scripsit
1211 995 1438 1033 Historiam
1458 995 1562 1045 regis
1586 995 1729 1033 Kar-oli
1753 995 1812 1033 VI
1833 1003 2014 1033 testatur

291 1052 555 1102 ‘legationem
577 1068 686 1092 anno
710 1052 1239 1093 MCCCLXXXI'exeunte
1262 1054 1469 1093 februario
1492 1055 1544 1092 ad
1569 1069 1664 1095 eum
1686 1054 1854 1095 missam
1877 1068 1899 1092 a
1921 1068 2013 1104 rege

312 1112 549 1162 Hispaniae,
569 1113 610 1150 id
636 1121 712 1161 est,
730 1127 752 1150 a
778 1127 869 1163 rege
898 1112 1112 1162 Castellae,
1138 1122 1186 1152 ut
1214 1115 1362 1153 docent
1388 1114 1618 1165 sequentia,
1635 1115 1791 1165 legatos
1811 1114 1899 1152 illos
1921 1127 2013 1164 pas-

308 1172 415 1210 chali
436 1172 698 1212 solemnitate
719 1181 932 1211 transacta
953 1173 1117 1211 auditos
1138 1173 1302 1224 publice
1324 1174 1473 1212 dixisse
1497 1174 1713 1214 Urbanum
1734 1173 1810 1212 rite
1832 1182 1873 1212 et
1894 1187 2012 1212 cano-

307 1231 395 1270 nice
422 1232 613 1280 electum,
640 1233 892 1272 Clementem
918 1232 1164 1283 antipapam
1189 1247 1371 1281 vocasse,
1397 1248 1615 1284 regemque
1640 1234 1830 1272 hortatos
1855 1247 1941 1271 esse
1966 1241 2013 1271 ut

308 1291 359 1328 ad
377 1291 585 1330 unitatem
605 1292 809 1331 Ecclesiae
828 1307 874 1331 ac
893 1292 1171 1331 obedientiam
1191 1293 1278 1343 ejus
1296 1293 1498 1331 verissimi
1516 1293 1655 1344 sponsi
1673 1292 1831 1332 Urbani
1847 1292 2012 1331 rediret.

308 1350 416 1399 Quin
434 1360 475 1389 et
493 1351 660 1390 additae
680 1351 829 1400 minae,
848 1360 1042 1402 rupturos
1062 1367 1102 1391 se
1121 1353 1286 1391 foedera
1312 1353 1414 1391 inita
1436 1367 1527 1393 cum
1549 1353 1701 1391 Karolo
1721 1353 1755 1390 V
1773 1360 1890 1403 patre
1910 1351 2013 1401 ejus,

308 1410 403 1460 quia
422 1411 536 1449 nefas
555 1420 644 1449 erat
663 1411 865 1450 amicitias
884 1411 1058 1451 retinere
1078 1427 1172 1450 cum
1192 1412 1476 1453 schismaticis.
1500 1413 1618 1451 Hanc
1636 1412 1853 1452 historiam
1871 1411 2012 1450 inven-

306 1478 372 1508 tus
399 1479 461 1508 est
486 1486 617 1521 nuper
642 1471 712 1521 qui
738 1471 829 1509 falsi
854 1479 1043 1521 argueret
1067 1480 1109 1511 et
1133 1472 1294 1520 erroris,
1320 1487 1366 1510 eo
1392 1472 1433 1510 in
1459 1472 1599 1522 primis
1630 1481 1875 1522 argumento
1902 1471 2012 1522 quod

306 1529 385 1567 ista
401 1530 553 1580 legatio
568 1531 732 1569 decreta
749 1531 912 1569 dicatur
929 1546 975 1569 eo
991 1531 1079 1582 ipso
1096 1540 1279 1582 tempore
1297 1547 1377 1581 quo
1400 1547 1471 1570 rex
1486 1532 1687 1570 Castellae
1702 1531 1744 1569 in
1760 1532 2012 1570 Clementem

306 1590 607 1640 propendebat,
627 1590 842 1630 Urbanum
858 1590 1119 1641 repudiabat.
1139 1591 1256 1639 Quod
1273 1600 1566 1642 argumentum
1581 1592 1684 1630 adeo
1700 1605 1897 1641 magnum
1912 1590 2013 1628 mihi

307 1648 440 1687 visum
473 1658 535 1688 est
564 1658 612 1688 ut
642 1650 879 1689 existimare
904 1665 1025 1701 cogar
1054 1665 1146 1690 eam
1167 1651 1494 1690 Castellanorum
1517 1651 1766 1701 legationem
1789 1665 1874 1689 esse
1897 1665 2011 1688 revo-

307 1709 483 1757 candam
499 1709 551 1746 ad
577 1709 783 1748 anteriora
799 1718 1003 1760 tempora,
1019 1710 1072 1748 ad
1088 1725 1179 1749 eam
1195 1711 1391 1749 nimirum
1414 1725 1540 1760 quam
1557 1725 1665 1749 anno
1682 1709 2011 1749 MCCCLXXIX

308 1768 453 1807 obiisse
479 1768 656 1808 diximus
686 1769 933 1820 Rodericum
956 1770 1155 1808 Bernardi
1178 1778 1220 1808 et
1244 1771 1413 1809 Petrum
1440 1770 1656 1809 Fernandi.

361 1828 404 1866 P.
428 1828 519 1876 476,
535 1828 601 1879 lig.
621 1829 656 1867 2.
677 1829 944 1867 SPERLONCA.
963 1830 1210 1879 Speluncam
1232 1837 1356 1869 voc‘at
1377 1830 1709 1880 VValsinghamus
1731 1830 1775 1880 [t.
1792 1844 1818 1877 1,
1834 1844 1874 1879 p.
1891 1828 1983 1878 393]
2003 1844 2010 1866 ε

306 1887 420 1937 Quod
438 1888 619 1936 audiens,
637 1903 713 1925 non
732 1888 925 1936 Clemens,
941 1890 1009 1927 sed
1024 1903 1121 1939 pene
1141 1890 1297 1927 demens
1312 1890 1441 1939 factus
1460 1890 1658 1940 antipapa
1676 1889 1824 1927 concito
1839 1888 1946 1938 jugit
1962 1889 2013 1926 ad

306 1948 500 1996 quoddam
526 1956 699 1985 castrum
724 1948 885 1997 reginae
907 1948 1101 1999 Neapolis
1119 1950 1221 1999 quod
1245 1958 1402 1987 vocatur
1429 1950 1643 1999 Spelunca,
1668 1949 1815 1986 ibidem
1835 1948 2010 1986 latitans.

305 2006 422 2044 Bulla
439 2006 454 2028 3
474 2007 693 2047 Clementis
714 2008 794 2045 VII
816 2022 895 2057 qua
919 2009 1123 2048 Joannem
1155 2008 1366 2047 Flandrini
1394 2009 1593 2059 praefecit
1614 2008 1802 2046 ecelesiae
1825 2006 2011 2046 Auscita-

306 2080 381 2104 nae
398 2066 496 2104 data
513 2075 575 2105 est
591 2067 702 2117 apud
720 2067 981 2117 Spelongam,
995 2068 1279 2106 Gaietanensis
1297 2068 1505 2116 dioecesis,
1524 2075 1596 2106 xm
1612 2068 1693 2106 kal.
1709 2067 1814 2117 junii
1828 2067 1893 2117 [20
1908 2066 2009 2116 mai]

305 2139 413 2163 anno
435 2125 566 2176 primo
591 2126 711 2176 [1379
725 2126 751 2177 ].
777 2126 974 2176 Ejusdem
995 2127 1072 2166 loci
1093 2127 1282 2167 meminit
1303 2127 1412 2167 idem
1433 2128 1618 2167 Clemens
1641 2127 1689 2166 de
1710 2127 1854 2165 eadem
1875 2125 2010 2177 provi-

307 2184 418 2223 sione
447 2185 625 2224 soribens
644 2185 660 2208 4
685 2186 737 2224 ad
767 2186 961 2225 comitem
991 2187 1226 2225 Armeniaci
1250 2187 1392 2225 :Mais
1420 2188 1464 2225 de
1493 2187 1641 2236 l’e'glise
1669 2187 1805 2224 d'Aux
1832 2200 1931 2223 nous
1965 2200 2012 2223 ne

306 2258 443 2294 poons,
467 2253 544 2283 etc.
572 2245 833 2283 Itinerarium
856 2246 1057 2284 Antonini
1081 2247 1302 2296 Speluncas
1326 2247 1435 2285 locat
1456 2262 1583 2297 prope
1605 2245 1884 2285 Brundisium.
1910 2245 2010 2283 Vide

307 2304 561 2342 Thesaurum
583 2305 902 2355 geographicum
925 2305 1083 2344 Ortellii
1103 2306 1147 2343 in·
1166 2307 1292 2344 verbo
1316 2306 1515 2356 Spelunca
1537 2314 1577 2344 et
1597 2305 1638 2343 in
1661 2306 1785 2344 verbo
1808 2305 2010 2354 Amyclae.

361 2363 402 2401 Ρ.
426 2363 516 2411 476,
538 2363 604 2413 lig.
627 2364 664 2402 3.
689 2365 826 2402 VENIT
859 2365 1100 2404 NEAPOLIM.
1125 2365 1226 2404 Vide
1253 2365 1476 2404 Odoricum
1500 2365 1780 2414 Raynaldum,
1803 2378 1870 2402 an.
1895 2363 2010 2411 1379,

311 2422 327 2470 ξ
351 2422 413 2460 27.
441 2423 486 2460 In
509 2423 765 2473 depositione
789 2424 990 2474 Stephani
1011 2424 1192 2475 episcopi
1214 2425 1430 2463 Tudertini
1452 2425 1510 2463 ita
1533 2424 1682 2475 legitur
1701 2424 1715 2446 5
1739 2440 1746 2461 :
1770 2424 1865 2461 Post
1887 2422 2009 2461 domi-

306 2496 379 2518 nus
410 2482 676 2520 Gebennensis
698 2491 768 2521 seu'
789 2484 987 2534 antipapa
1009 2499 1099 2522 cum
1120 2484 1397 2522 cardinalibus
1420 2484 1519 2532 suis,
1543 2492 1660 2534 prout
1680 2483 1832 2530 audivi,
1857 2481 2012 2520 recessit

358 2607 386 2638 ¹1.
417 2606 567 2645 Baluze,
601 2612 627 2639 t.
660 2618 710 2646 lv,
744 2618 779 2650 p.
814 2606 894 2639 223.

358 2661 387 2691 2.
418 2659 626 2702 Bcllaguct,
648 2665 673 2692 t.
693 2671 717 2699 1,
738 2672 772 2703 p.
794 2660 851 2693 73.
872 2679 919 2682 ἡ·
934 2660 977 2693 N.
999 2659 1126 2692 Valois
1147 2671 1167 2692 a
1187 2661 1336 2692 montre
1356 2671 1427 2703 que
1447 2659 1479 2691 le
1498 2659 1695 2702 Religieux
1712 2658 1841 2692 s'etait
1860 2659 2009 2701 trompe
2057 2678 2059 2681 -

306 2723 368 2743 sur
388 2712 421 2743 la
441 2712 584 2755 qualite
602 2713 664 2745 des
685 2713 784 2745 deux
803 2713 1022 2756 puissances
1043 2712 1107 2756 qui
1126 2715 1362 2755 envoyerent
1380 2724 1452 2744 une
1473 2712 1699 2745 ambassade
1719 2712 1739 2744 a
1759 2709 1910 2744 Charles
1927 2711 1979 2744 VI
2000 2723 2007 2743 ε

307 2776 345 2796 cc
369 2771 455 2797 sont
477 2766 508 2797 le
531 2765 585 2797 roi
610 2766 653 2798 de
679 2765 845 2809 Hongrie
868 2772 907 2798 ct
929 2766 1155 2811 l'empereur
1176 2767 1391 2799 VVenceslas
1420 2766 1458 2809 (t.
1482 2778 1520 2806 11,
1545 2777 1568 2809 p
1586 2765 1787 2809 ‚447-454).
1813 2765 2009 2797 L’ambas-

312 2819 398 2849 saule
432 2818 514 2850 vint
547 2819 566 2850 a
601 2819 703 2852 Paris
736 2831 782 2852 cn
813 2820 919 2853 1381.

357 2874 387 2903 3.
419 2871 568 2911 Βῑὼηρ,
594 2878 619 2904 t.
642 2884 693 2911 ιν,
718 2885 752 2916 p.
778 2873 858 2905 214.

358 2925 388 2955 4.
421 2924 574 2964 Ibidem,
593 2937 625 2967 p.
646 2926 725 2958 217.
742 2945 790 2948 -ὴ
806 2926 1041 2960 L’itineraire
1059 2928 1102 2959 de
1124 2926 1295 2959 Clement
1310 2926 1422 2958 Vlla
1444 2926 1503 2958 ete
1519 2925 1647 2968 publie
1663 2936 1731 2968 par
1749 2924 1794 2957 H.
1813 2924 1856 2957 V.
1875 2923 2006 2957 Sauer-

310 2976 396 3007 laml
426 2977 598 3018 (Itinerar
620 2979 679 3011 des
707 2978 826 3021 Gegen
843 2979 1070 3022 ——Papstes
1094 2979 1269 3012 Klemens
1296 2979 1375 3012 VII
1400 2979 1493 3011 dans
1520 2978 1767 3011 Historisches
1803 2977 2005 3017 Jahrbuch,

314 3035 334 3060 1.
363 3041 427 3060 xm
456 3031 591 3073 (1s92),
617 3043 651 3074 p.
677 3032 866 3076 192-194),
893 3032 974 3065 voir
998 3032 1097 3065 aussi
1124 3032 1166 3065 N.
1192 3032 1320 3065 Valois
1348 3032 1387 3075 (t.
1411 3044 1435 3071 1,
1461 3044 1495 3075 p.
1521 3032 1603 3071 165,
1629 3031 1816 3074 174-176).

360 3084 387 3113 Γ).
421 3082 459 3114 B.
486 3082 542 3121 N,
565 3095 632 3117 ms.
655 3084 750 3116 latin
771 3085 903 3124 11745,
925 3085 987 3118 fol.
1011 3086 1055 3118 78
1076 3090 1119 3118 1¹⁰.
1138 3085 1229 3118 Voir
1247 3086 1279 3118 le
1297 3085 1503 3118 Chronicon
1525 3084 1703 3123 Siculum,
1726 3084 1782 3117 ed.
1802 3084 1837 3116 J.
1857 3084 1901 3116 de
1922 3084 2008 3116 Bla-

307 3134 380 3173 Slls‚
414 3146 444 3177 [ι.
476 3136 531 3167 35.
