2083 3458
280 235 359 274 542
931 249 1083 275 NOTAE
1119 250 1179 275 AD
1214 221 1342 276 vmls
1832 234 1986 291 [1025]

279 332 392 370 illuni
423 334 518 371 fecit
545 334 784 383 episcopum
812 334 1140 373 Praenestinum.
1174 334 1320 384 Itaque
1349 349 1453 384 quae
1482 334 1692 373 Suaresius
1720 335 1779 373 ait
1806 335 1855 373 de
1881 335 1989 385 lega-

281 392 390 430 tione
422 393 591 443 Anglica
622 392 834 431 referenda
866 402 962 431 sunt
993 394 1045 431 ad
1075 393 1193 431 initia
1224 394 1496 444 pontificatus
1529 394 1725 444 Gregorii,
1757 408 1862 443 quae
1892 408 1989 433 vero

280 452 421 489 scribit
444 452 491 490 de
514 452 755 502 episcopatu
782 452 1047 491 Praenestino
1069 453 1121 490 ad
1143 467 1300 491 annum
1322 454 1585 493 millesimum
1607 453 1908 492 CCCLXXIII.

334 511 452 549 Anno
484 511 820 559 MCCCLXXIV,
852 525 944 550 cum
974 521 1144 551 vacaret
1172 513 1551 564 archiepiscopatus
1582 513 1890 551 Cantuariensis
1919 528 1994 563 per

281 570 442 608 obitum
462 571 667 609 Guillelmi
688 571 920 621 VVittlesey,
941 571 1124 609 monachi
1142 572 1254 610 illius
1272 572 1484 620 Ecclesiae,
1503 573 1641 623 inquit
1656 572 1989 622 Walsinghamus

291 628 335 677 [t.
362 644 387 675 1,
414 645 451 680 p.
480 630 585 679 317]‚
614 631 665 668 ad
687 631 914 680 eligendum
938 631 1072 681 adepti
1097 646 1121 669 a
1142 646 1228 681 rege
1252 632 1456 670 licentiam
1479 632 1724 670 cardinalem
1747 632 1923 681 Angliae
1948 632 1992 669 in

279 689 624 739 archiepiscopum
657 691 923 740 postularunt.
953 688 1052 740 Qua'
1069 691 1112 728 de
1147 706 1269 729 causa
1294 706 1361 729 recc
1386 699 1600 729 commotus
1626 692 1814 729 adversus
1840 705 1903 729 eos
1931 690 1993 728 ira

281 748 457 786 maxima
482 750 692 799 proposuit
716 750 838 788 dictos
873 751 1083 788 monachos
1108 750 1308 800 exlegisse.
1340 750 1491 788 Idcirco
1517 751 1636 801 plura
1664 751 1766 789 bona
1801 751 1990 800 expende-

281 816 373 845 runt
391 817 602 859 antequam
622 817 835 859 potuerunt
853 825 973 855 super
994 811 1061 848 illo
1079 811 1182 859 facto
1201 810 1306 859 regis
1327 810 1498 859 gratiam
1518 810 1702 849 obtinere.
1721 809 1994 848 Postulationi

283 881 421 911 nempe
437 869 564 917 sactae
582 869 626 906 de
644 870 844 906 cardinali
862 885 929 908 reat
946 869 1164 907 consentire
1184 870 1324 917 noluit,
1344 870 1412 907 sed
1430 884 1497 907 nec
1512 884 1635 919 papa,
1668 884 1736 907 nec
1753 869 1988 908 cardinales,

283 926 400 965 Hanc
425 928 642 966 historiam
666 929 771 967 male
797 929 1020 967 Godwinus
1045 930 1189 967 retulit
1213 930 1265 967 ad
1291 929 1523 967 Eastonum
1548 929 1813 976 cardinalem,
1840 942 1933 966 cum
1958 928 1990 966 is

280 988 332 1023 ab
370 987 538 1025 Urbano
560 996 729 1026 tantum
746 997 863 1027 sexto
888 997 1057 1027 ornatus
1082 988 1205 1028 fuerit
1229 1003 1274 1027 ea
1298 989 1514 1039 dignitate.
1544 989 1690 1038 Itaque
1714 988 1887 1026 dubium
1910 1002 1993 1026 non

280 1054 342 1084 est
362 1047 458 1095 quin
480 1047 746 1098 intelligenda
767 1048 820 1086 sit
840 1049 888 1086 de
909 1048 1073 1094 Simone
1092 1049 1141 1086 de
1162 1049 1389 1099 Langham.

335 1106 448 1144 Obiit
470 1107 681 1146 Avenione
706 1122 815 1146 anno
842 1108 1180 1155 MCCCLXXVI,
1202 1108 1266 1146 die
1292 1123 1382 1145 xxn
1410 1107 1513 1157 julii.
1536 1108 1680 1147 Cetera
1704 1106 1990 1158 reperiuntur1

281 1166 391 1215 apud
412 1167 604 1216 vulgatos
624 1168 843 1217 scriptores
864 1167 1071 1205 Historiae
1088 1167 1371 1205 cardinalium.

336 1225 377 1264 Ρ.
397 1225 487 1273 368,
504 1226 571 1276 lig.
587 1226 648 1265 28.
665 1226 948 1265 BERNARDUM
964 1242 1019 1264 DE
1036 1227 1285 1272 Bosoumo.
1304 1228 1606 1266 Cadurcensem
1623 1241 1717 1266 eum
1730 1227 1853 1265 domo
1866 1226 1992 1265 fuisse

281 1286 392 1323 nulla
409 1285 554 1323 dubita
563 1286 618 1324 tio
634 1294 709 1334 est,
726 1300 819 1325 cum
834 1295 875 1325 et
894 1287 1006 1324 istud
1024 1294 1198 1325 testetur
1215 1287 1292 1325 iste
1307 1287 1497 1337 scriptor,
1512 1295 1553 1326 et
1571 1287 1612 1325 in
1628 1287 1789 1336 Regesto
1801 1285 1993 1323 LXXIV

280 1345 438 1383 archivi.
454 1344 552 1395 regii
572 1345 714 1394 Paris,
731 1346 820 1396 [JJ.
842 1345 915 1395 74]
935 1360 1022 1396 cap.
1046 1359 1237 1393 DCLXXX,
1257 1347 1516 1397 reperiantur
1534 1347 1699 1385 litterae
1721 1345 1901 1396 Philippi
1918 1344 1991 1391 VI,

281 1405 384 1454 regis
411 1405 677 1453 Francorum,
704 1406 827 1444 datae
851 1420 960 1444 anno
986 1405 1240 1453 MCCCXLI,
1266 1420 1404 1444 mense
1423 1406 1629 1444 februario
1648 1405 1676 1453 2,
1700 1405 1849 1455 quibus
1867 1404 1993 1442 Joan-

281 1478 375 1502 nem
399 1464 448 1502 de
469 1464 694 1514 Bosqueto,
721 1466 769 1503 de
794 1466 993 1512 Cadurco,
1018 1472 1059 1503 et
1081 1459 1373 1515 posteritatem
1397 1465 1484 1515 ejus
1509 1466 1676 1504 decorat
1699 1465 1824 1503 titulo
1847 1463 1993 1502 nobili-

281 1524 395 1571 tatis,
419 1524 488 1573 qui
510 1525 676 1563 videtur
697 1540 781 1563 esse
802 1525 868 1563 ille
888 1526 975 1575 ipse
997 1525 1178 1563 Joannes
1201 1525 1250 1563 de
1270 1525 1481 1575 Bosqueto
1503 1525 1572 1574 qui
1593 1525 1706 1575 apud
1728 1524 1995 1563 Guillelmum

283 1583 483 1622 Cruceum
512 1584 555 1621 in
588 1584 697 1621 Serie
727 1584 1005 1634 episcoporum
1036 1584 1368 1633 Cadurcensium,
1406 1600 1444 1634 p.
1479 1584 1569 1632 259,
1602 1584 1843 1623 nominatur
1885 1596 1993 1620 anno

283 1643 478 1681 MCCCLI
499 1643 608 1681 inter
628 1645 871 1694 praecipuos
894 1645 1002 1683 cives
1023 1643 1136 1681 urbis
1160 1644 1441 1683 Cadurcensis.
1466 1644 1589 1694 Apud
1611 1644 1816 1690 eumdem,
1835 1657 1877 1693 p.
1902 1641 1994 1689 330,

281 1703 522 1741 nominatur
550 1704 601 1741 ad
631 1717 784 1741 annum
817 1703 1088 1743 MCCCCXCI
1116 1703 1264 1741 nobilis
1296 1703 1441 1742 Petrus
1471 1704 1520 1742 de
1547 1704 1773 1753 Bosqueto,
1803 1701 1993 1740 dominus

282 1762 331 1799 de
345 1762 579 1801 Arcambal.
598 1763 660 1800 Ex
673 1763 734 1801 his
750 1763 892 1813 itaque
906 1763 1156 1802 testimoniis
1171 1770 1337 1801 constat
1350 1764 1459 1802 hunc
1470 1763 1730 1801 Bernardum
1743 1761 1996 1800 cardinalem

282 1821 405 1859 fuisse
424 1823 561 1871 patria
596 1822 909 1862 Cadurcensem.
934 1824 988 1860 Et
1006 1830 1149 1861 tamen
1169 1823 1315 1860 Petrus
1337 1823 1548 1860 Frizonius
1569 1822 1712 1861 scribit
1730 1822 1846 1859 illum
1869 1820 1994 1858 fuisse

282 1882 417 1931 patria
444 1882 769 1930 Ruthenensem,
794 1883 939 1933 opinor
971 1882 1067 1932 quia
1091 1882 1142 1920 ad
1165 1882 1282 1921 illum
1304 1883 1473 1933 putavit
1496 1882 1670 1932 scriptos
1704 1881 1829 1919 fuisse
1852 1894 1993 1918 versus

285 1942 531 1980 petrarchae
553 1942 622 1991 qui
643 1942 784 1992 scripti
805 1950 902 1980 sunt
923 1942 974 1979 ad
995 1942 1252 1980 Bernardum
1275 1942 1323 1979 de
1350 1941 1469 1979 Albia
1491 1941 1732 1991 episcopum
1754 1940 1995 1978 Ruthenen-

332 2074 363 2106 1.
393 2073 467 2107 An.
500 2073 604 2107 1350.
634 2074 726 2107 Item
743 2074 806 2107 hoc
832 2085 930 2107 anno
957 2074 1049 2108 obiit
1076 2074 1205 2108 Simon
1232 2074 1274 2107 de
1298 2073 1540 2113 Birchestone,
1578 2072 1692 2106 abbas
1718 2071 1997 2105 Westmonaste-

281 2127 424 2160 riensis.
450 2127 522 2160 Cui
542 2129 714 2161 canonice
734 2139 797 2171 per
817 2128 1021 2161 electionem
1040 2128 1211 2161 successit
1228 2128 1341 2170 frater
1361 2126 1499 2170 Symon
1520 2128 1560 2160 de
1579 2126 1783 2169 Langham.
1806 2125 1881 2158 Hic
1900 2129 1997 2157 tante

284 2180 463 2213 industrie
482 2186 513 2213 et
532 2181 867 2225 circumspectionis
888 2181 960 2220 suit
979 2193 1020 2214 ac
1041 2187 1136 2214 tante
1154 2181 1328 2224 facundie
1349 2181 1477 2214 micuit
1497 2180 1591 2223 quod
1609 2191 1671 2212 rea:
1689 2179 1894 2212 Edwardus
1912 2177 1996 2221 fecit

283 2244 364 2266 eum
383 2234 652 2267 thesaurarium
668 2235 816 2277 Anglie.
837 2235 885 2267 Et
904 2247 977 2268 non
996 2235 1150 2268 multum
1167 2240 1248 2278 post
1265 2239 1450 2278 promotus
1469 2239 1519 2266 est
1537 2234 1585 2267 ad
1601 2234 1853 2277 episcopatum
1869 2231 1995 2265 Elien-

281 2298 366 2320 sem.
393 2287 440 2320 Et
464 2293 548 2320 tunc
570 2287 688 2330 jactus
712 2293 762 2321 est
785 2288 1025 2321 cancellarius
1047 2288 1194 2331 Anglie.
1214 2288 1357 2321 Deinde
1381 2292 1528 2320 vacante
1550 2287 1631 2319 sede
1655 2285 1928 2324 Cantuariensi,
1949 2285 1999 2318 ad

285 2339 387 2373 illam
411 2346 461 2373 est
484 2341 692 2374 translatus.
722 2342 876 2375 Demum
899 2347 1072 2375 crescente
1096 2341 1175 2384 ejus
1197 2341 1310 2384 fama,
1343 2340 1517 2373 Urbanus
1541 2351 1643 2384 papa
1670 2340 1702 2373 V
1727 2338 1929 2383 assumpsit
1955 2338 1994 2371 in

283 2393 523 2436 presbiterum
548 2395 771 2428 cardinalem
795 2396 893 2428 tituli
919 2395 954 2428 S.
984 2394 1090 2428 Sioeti.
1117 2395 1302 2427 Postremo
1328 2405 1406 2427 vero
1428 2393 1547 2437 sactus
1571 2399 1621 2426 est
1645 2393 1839 2437 episcopus
1861 2391 1995 2424 Penes-

284 2447 403 2479 trinus
425 2459 489 2490 per
511 2448 701 2481 dominum
714 2460 850 2492 papam
881 2448 1096 2491 Gregorium
1109 2448 1173 2481 XI
1194 2448 1353 2491 obiitque
1365 2447 1549 2480 Avinioni
1564 2446 1694 2479 XXII
1708 2447 1765 2479 die
1785 2445 1874 2489 julii
1896 2455 1996 2478 anno

282 2499 436 2534 Domini
457 2500 761 2535 MCCCLXXV.

333 2553 405 2587 An.
437 2553 542 2588 1366.
573 2555 653 2588 Hoc
680 2566 777 2588 anno
805 2555 896 2588 obiit
925 2555 1053 2588 Simon
1083 2556 1123 2588 de
1152 2555 1262 2598 Islep,
1293 2554 1589 2597 archiepiscopus
1618 2551 1910 2592 Cantuariensis,
1941 2552 1998 2585 vir

287 2607 407 2649 utique
430 2607 505 2640 Deo
532 2608 685 2641 devotus.
717 2608 788 2642 Cui
814 2609 984 2641 successit
1008 2608 1119 2651 frater
1145 2608 1274 2641 Simon
1301 2608 1341 2640 de
1366 2607 1570 2650 Lngham,
1599 2607 1792 2650 episcopus
1817 2605 1993 2646 Eliensis,

286 2660 491 2701 provisione
512 2661 652 2694 domini
673 2673 778 2705 pape.

334 2713 406 2745 An.
430 2713 534 2747 1374.
559 2714 697 2757 Quinta
718 2716 774 2748 die
793 2714 880 2757 julii
901 2715 992 2748 obiit
1012 2714 1217 2747 Willelmas
1238 2714 1470 2756 VVitteleseye
1495 2713 1778 2746 Cantuariensis
1799 2712 1996 2756 archiepis-

286 2776 406 2808 copus,
435 2767 539 2800 Unde
559 2768 725 2801 monachi
745 2767 905 2811 ejusdem
916 2767 1076 2801 Ecclesie
1094 2768 1142 2800 ad
1168 2767 1375 2810 eligendum
1395 2767 1579 2800 licentiam
1598 2778 1620 2799 a
1638 2777 1719 2809 rege
1737 2766 1860 2809 adepti
1878 2765 1995 2798 cardi—

288 2819 406 2851 nalem
421 2820 557 2862 Anglie
575 2822 614 2853 in
629 2821 944 2865 archiepiscopum
960 2821 1200 2865 postularunt.
1219 2820 1300 2863 Qua
1316 2821 1356 2853 de
1371 2831 1483 2852 causa
1498 2831 1559 2852 rea·
1575 2830 1711 2862 magna
1728 2819 1784 2852 ira
1799 2818 1996 2851 commotus

288 2873 476 2914 proposuit
504 2874 680 2916 predictos
709 2875 900 2907 monachos
929 2874 1110 2917 exlegisse.
1147 2874 1267 2907 Multa
1295 2885 1373 2906 vero
1404 2873 1497 2906 bona
1524 2873 1770 2917 expenderunt
1802 2877 1996 2915 antequam

288 2930 479 2966 potuerant
501 2938 610 2969 super
633 2928 693 2960 illo
714 2928 807 2970 sacto
829 2929 924 2971 regis
948 2928 1104 2970 gratiam
1125 2927 1292 2960 obtinere.
1318 2926 1565 2959 Postulationi
1587 2936 1723 2969 quoque
1743 2925 1834 2968 facte
1856 2925 1897 2958 de
1918 2936 1994 2957 car-

289 2977 406 3009 dinali
430 2990 490 3009 rea*
515 2980 630 3013 noluit
653 2982 861 3020 consentire,
889 2981 951 3014 sed
973 2993 1035 3014 nec
1058 2992 1169 3024 papa,
1197 2992 1258 3013 nec
1281 2980 1485 3012 cardinales
1512 2979 1777 3022 (Continuator
1801 2977 1994 3021 Radulphi

290 3029 505 3071 Castrensis,
531 3044 575 3064 cx
599 3034 722 3066 codice
746 3033 842 3067 3147
875 3034 926 3077 [B.
954 3034 1010 3073 N.,
1035 3046 1101 3067 ms.
1126 3033 1220 3066 latin
1244 3032 1349 3072 4922,
1380 3032 1442 3066 fol.
1476 3033 1546 3066 184
1568 3037 1618 3071 νο,
1643 3032 1712 3065 187
1733 3036 1767 3064 r⁰
1787 3037 1826 3064 et
1846 3031 1916 3064 ‘189
1936 3030 1992 3074 ΓΟ]

301 3083 389 3125 [Bal.
404 3084 427 3125 ]

339 3137 368 3167 2.
401 3136 634 3171 &vsi-anim
656 3140 761 3179 1342,
785 3152 818 3173 n.
842 3147 887 3173 st.
915 3140 1077 3182 (Baluze,
1100 3147 1125 3173 t.
1147 3152 1197 3180 111,
1221 3151 1255 3183 p.
1279 3138 1375 3182 488).
