2083 3458
296 280 375 321 748
942 293 1094 318 NOTAE
1129 293 1188 318 AD
1223 293 1351 319 v1TAs
1845 280 1998 336 [1468]

292 389 326 418 et
349 389 441 418 tunc
465 380 592 429 aliqui
618 378 791 416 Romani
816 387 1035 428 posuerunt
1059 379 1207 416 dictum
1224 378 1468 416 cardinalem
1490 379 1533 416 in
1552 379 1731 418 cathedra
1750 388 1782 416 et
1803 380 1999 430 imposue-

292 448 385 477 runt
408 439 488 477 sibi
519 453 661 489 capam
690 439 742 476 ad
774 439 935 476 modum
954 452 1071 488 pape.
1096 437 1310 488 Philippus
1334 437 1501 476 Martini
1523 438 1571 476 de
1595 439 1784 485 Gomera,
1808 440 1997 479 alumnus

291 499 472 549 episcopi
504 497 765 548 Legionensis
787 497 800 520 1
833 514 840 535 ι
882 498 933 536 Et
966 498 1140 535 Romani
1186 498 1360 547 fecerunt
1399 499 1528 535 sedere
1570 499 1718 536 dictum
1756 499 2000 537 cardinalem

293 559 429 597 Sancti
462 558 571 596 Petri
604 558 647 595 in
677 558 765 595 sede
797 557 953 608 papali,
985 566 1018 595 et
1043 551 1261 595 'vestierunt
1291 571 1381 594 eum
1415 572 1570 607 capam,
1602 566 1635 595 et
1666 559 1926 596 adoraverunt
1959 567 2000 596 ut

292 633 454 668 papam.
490 617 655 656 Inventi
683 625 781 656 sunt
811 616 937 655 etiam
967 616 1037 666 qui
1065 625 1321 655 testarentur
1350 616 1466 654 illum
1494 617 1536 654 in
1577 617 1773 655 cathedra
1815 618 1997 668 positum

291 693 374 716 esse
396 692 418 715 a
442 678 623 727 quodam
645 676 859 715 domicello
881 676 1098 728 cardinalis
1122 676 1415 723 Gebenncnsis,
1438 676 1632 716 nimirum
1656 677 1846 716 Alsonsus
1873 678 1998 716 Azero

290 737 601 775 archidiaconus
632 737 680 774 de
712 736 866 774 Metina
896 736 937 773 in
957 736 1134 774 Ecclesia
1166 735 1495 783 Salmanticensi,
1524 736 1566 773 in
1595 737 1711 786 cujus
1742 737 1998 787 depositione

291 797 347 835 ita
376 797 577 847 scriptum
606 805 668 834 est
687 795 702 818 2
723 812 729 833 :
755 796 854 833 Item
873 796 974 834 dixit
993 797 1094 845 quod
1112 796 1268 833 audivit
1286 797 1388 846 quod
1407 810 1513 833 unus
1532 797 1760 834 domicellus
1780 797 1999 835 cardinalis

296 856 565 894 Gebennensis
582 864 751 906 tempore
768 870 842 906 quo
856 855 1079 893 cardinales
1094 856 1285 904 fugerunt
1298 856 1342 893 de
1357 856 1532 893 conclavi
1545 852 1740 905 receperat
1755 856 1999 894 cardinalem

289 916 426 954 Sancti
450 916 559 953 Petri
582 924 616 953 et
638 924 823 965 posuerat
846 929 935 953 eam
959 915 1002 952 in
1024 916 1124 958 sede.
1152 915 1205 952 Et
1229 916 1407 954 Thomas
1433 915 1691 962 Gundisalvi,
1714 916 1996 954 thesaurarius

288 976 659 1026 Compostellanus,
690 975 759 1025 qui
787 975 1064 1024 interrogatus
1096 974 1184 1024 quis
1215 974 1466 1012 cardinalem
1495 975 1635 1013 Sancti
1663 975 1772 1013 Petri
1802 984 1998 1025 posuerat

286 1035 327 1072 in
348 1036 560 1083 cathedra,
581 1035 682 1073 discit
700 1048 740 1072 se
755 1033 770 1056 3
789 1034 992 1072 audivisse
1020 1035 1121 1084 quod
1150 1049 1255 1072 unus
1275 1034 1503 1072 domicellus
1522 1034 1742 1072 cardinalis
1771 1034 1994 1073 Gebennea-

285 1095 342 1132 sis
368 1095 435 1145 qui
461 1095 672 1132 vocabatur
697 1095 873 1132 Pesanal
906 1095 950 1132 de
978 1095 1162 1132 mandato
1188 1094 1471 1141 cardinalium,
1497 1094 1721 1144 specialiter
1741 1095 1784 1132 de
1812 1096 1997 1133 mandato

286 1155 379 1192 dicti
405 1154 625 1192 cardinalis
653 1154 933 1191 Gebennensis.
959 1154 1138 1192 Joannes
1169 1153 1318 1201 Sancii‚
1345 1153 1564 1192 canonicus
1592 1153 1829 1201 Toletanus,
1856 1154 1897 1191 in
1923 1168 1994 1192 sua

285 1214 542 1264 depositione
560 1214 731 1263 loquens
752 1214 800 1252 de
820 1213 1015 1252 simulata
1036 1213 1233 1251 electione
1261 1213 1448 1263 ejusdem
1476 1213 1693 1251 cardinalis
1712 1213 1727 1235 4
1747 1230 1753 1251 :
1774 1214 1825 1251 Et
1841 1214 1996 1252 audivit

285 1275 386 1324 quod
421 1288 527 1311 unus
562 1274 790 1311 domicellus
825 1273 1045 1311 cardinalis
1087 1273 1369 1320 Gebennensis,
1406 1273 1473 1323 qui
1509 1272 1719 1311 vocabatur
1753 1273 1995 1322 Perissaval,

285 1334 438 1371 tenebat
454 1333 604 1387 dictum
621 1332 865 1370 cardinalem
884 1333 1022 1371 Sancti
1046 1333 1149 1370 Petri
1166 1333 1285 1383 plane
1305 1333 1348 1370 in
1364 1334 1451 1370 sede
1470 1341 1512 1370 ut
1530 1346 1607 1369 non
1624 1342 1811 1382 surgeret.
1832 1333 1928 1370 Jam
1946 1333 1994 1371 de

285 1392 406 1430 mitra
437 1408 507 1431 seu
538 1406 687 1431 corona
717 1392 752 1430 ei
781 1392 976 1442 imposita
1005 1392 1146 1442 ingens
1178 1406 1341 1441 quoque
1371 1392 1651 1430 controversia
1681 1400 1757 1437 est,
1788 1391 1993 1431 nonnullis

284 1452 340 1490 illi
368 1452 525 1491 volenti
555 1461 595 1490 et
624 1451 903 1501 acquiescenti
932 1452 1172 1502 impositam
1202 1451 1324 1490 fuisse
1355 1452 1644 1497 scribentibus,
1674 1452 1762 1490 aliis
1791 1452 1924 1489 invito
1954 1460 1995 1490 et

283 1512 493 1559 renitenti,
522 1520 570 1550 ut
599 1526 722 1561 supra
754 1511 947 1558 vidimus,
979 1511 1090 1561 quod
1119 1519 1160 1549 et
1190 1511 1330 1549 multis
1361 1511 1449 1550 aliis
1478 1511 1727 1550 testimoniis
1759 1511 1995 1551 confirmari

282 1580 435 1621 posset.
462 1571 706 1621 Impositam
728 1579 870 1609 autem
890 1570 926 1609 ei
947 1570 1069 1609 fuisse
1091 1584 1113 1608 a
1137 1563 1312 1609 Geraldo
1335 1571 1540 1609 cardinale
1565 1570 1730 1620 Majoris
1754 1570 1993 1610 monasterii

282 1630 453 1680 legimus
474 1631 515 1668 in
536 1630 793 1681 depositione
815 1630 952 1668 fratris
976 1630 1148 1668 Joannis
1178 1630 1343 1668 abbatis
1374 1630 1515 1669 Sancti
1540 1630 1684 1668 Isidori
1703 1630 1718 1652 5
1739 1646 1746 1667 ε
1769 1631 1820 1669 Et
1838 1631 1994 1668 audivit

282 1692 383 1740 quod
402 1691 622 1728 cardinalis
642 1690 819 1739 Majoris
840 1690 1069 1728 monasterii
1092 1690 1319 1739 imponebat
1337 1690 1372 1727 ei
1393 1690 1565 1737 mitram,
1586 1698 1620 1727 et
1638 1690 1791 1728 dicebat
1808 1690 1993 1728 omnibus

245 1785 246 1789 ,
282 1751 419 1788 timore
444 1751 579 1788 mortis
606 1764 617 1787 .·
644 1750 719 1787 Iste
743 1758 798 1787 est
822 1758 950 1787 noster
973 1765 1096 1799 papa.
1124 1750 1268 1787 Frater
1293 1750 1439 1788 Petrus
1466 1749 1739 1788 Cordubensis
1765 1750 1991 1788 monachus

282 1809 523 1847 monasterii
553 1809 693 1847 Sancti
723 1809 1031 1848 Bartholomaei
1061 1809 1109 1847 de
1141 1809 1328 1859 Lupiana
1357 1809 1635 1858 interrogatus
1666 1823 1787 1859 super
1817 1809 1991 1847 articulo

283 1884 398 1906 Lxxv
422 1883 537 1907 casus
562 1868 731 1907 secundi
755 1868 886 1916 electi,
901 1868 941 1905 in
966 1882 1047 1917 quo
1071 1868 1207 1918 agitur
1229 1869 1278 1906 de
1296 1868 1490 1907 simulata
1513 1868 1711 1906 electione
1734 1877 1775 1906 et
1789 1868 1990 1907 inthroni—

281 1928 442 1980 zatione
476 1928 694 1979 cardinalis
729 1927 870 1966 Sancti
903 1928 1029 1975 Petri,
1061 1928 1278 1966 testatur⁶
1310 1943 1350 1965 se
1383 1927 1590 1966 audivisse
1631 1929 1733 1977 quod
1769 1928 1991 1966 cardinales

281 1996 499 2037 posuerunt
523 2002 613 2025 eum
639 1988 681 2025 in
706 1988 807 2035 sede,
833 1996 868 2025 et
891 1989 1067 2037 populus
1092 1987 1252 2036 cogebat
1276 2001 1365 2024 eam
1390 1996 1492 2025 stare
1519 1988 1559 2024 in
1586 1988 1687 2035 sede,
1713 1996 1748 2025 et
1771 1988 1990 2025 cardinalis

283 2047 460 2095 Majoris
478 2047 708 2085 monasterii
727 2047 880 2084 tenebat
896 2055 988 2085 tunc
1005 2046 1086 2084 sibi
1105 2061 1229 2085 unam
1247 2061 1412 2084 manum
1432 2047 1532 2084 inter
1548 2048 1737 2097 scapulas
1754 2055 1787 2085 et
1803 2047 1929 2085 aliam
1948 2047 1990 2085 in

281 2107 411 2145 mitra.
454 2107 569 2144 Istud
606 2106 742 2157 ipsum
778 2101 906 2145 habet
943 2106 1146 2156 depositio
1183 2106 1320 2144 fratris
1359 2106 1471 2144 Petri
1507 2106 1556 2145 de
1594 2106 1890 2156 Guadalfajara
1927 2106 1988 2145 his

280 2166 414 2204 verbis
436 2166 450 2188 7
475 2182 482 2203 :
506 2166 744 2204 Cardinales
766 2165 944 2203 timentes
974 2174 1201 2216 receperunt
1230 2166 1474 2203 cardinalem
1492 2166 1631 2204 Sancti
1649 2165 1774 2213 Petri,
1795 2174 1830 2203 et
1849 2180 1988 2216 posue-

280 2234 372 2263 runt
394 2240 484 2263 eum
507 2226 549 2263 in
571 2227 658 2263 sede
680 2234 714 2263 et
737 2225 897 2263 mitram
921 2226 963 2262 in
986 2226 1128 2275 capite,
1153 2233 1195 2263 ut
1216 2225 1433 2272 dicebatur,
1456 2233 1491 2276 et
1512 2225 1697 2263 dixerunt
1717 2226 1867 2275 populo
1889 2226 1990 2275 quod

281 2285 345 2322 ille
364 2293 446 2322 erat
463 2300 586 2335 papa.
607 2285 659 2323 Et
677 2285 805 2323 dictus
826 2285 1061 2332 cardinalis,
1082 2286 1239 2335 quando
1260 2293 1410 2335 poterat
1431 2284 1556 2322 levare
1575 2293 1753 2332 manum,
1773 2285 1990 2335 deponebat

279 2345 439 2382 mitram
457 2346 501 2382 de
520 2345 662 2395 capite,
682 2352 716 2381 et
733 2344 887 2382 dicebat
907 2360 914 2382 z
935 2344 1020 2393 Ego
1040 2359 1118 2381 non
1137 2359 1227 2382 sum
1256 2359 1379 2394 papa.
1400 2344 1452 2382 Et
1476 2345 1653 2395 populus
1679 2344 1871 2382 adorabat
1893 2342 1988 2382 ‘eum

278 2405 435 2441 credens
468 2419 557 2441 eum
589 2418 670 2441 esse
703 2418 836 2442 verum
868 2418 1033 2454 papam.
1069 2404 1146 2442 Sed
1178 2403 1397 2441 cardinalis
1431 2403 1608 2453 Majoris
1642 2403 1885 2450 monasterii,
1920 2403 1987 2453 qui

279 2463 439 2501 timebat
461 2464 630 2501 multum
650 2464 867 2510 Romanos,
889 2478 978 2501 cum
1000 2478 1082 2501 una
1104 2478 1227 2500 manu
1249 2463 1402 2501 tenebat
1423 2463 1596 2510 mitram,
1617 2471 1652 2500 et
1672 2477 1761 2500 cum
1781 2463 1865 2500 alia
1886 2471 1986 2500 tene-

281 2523 344 2560 bat
359 2537 449 2560 eum
468 2531 509 2560 ut
526 2537 604 2560 non
620 2531 809 2572 surgeret.
831 2523 934 2561 Rem
952 2522 1115 2561 stetisse
1133 2522 1174 2560 in
1193 2523 1366 2560 obscuro
1384 2537 1514 2572 usque
1532 2522 1585 2560 ad
1603 2521 1712 2562 diem
1729 2530 1985 2571 sequentem,

277 2582 461 2631 adeoque
484 2582 657 2620 dubium
679 2582 801 2620 fuisse
824 2596 876 2619 an
897 2596 937 2620 re
959 2596 1056 2620 vera
1078 2582 1297 2620 cardinalis
1320 2582 1462 2620 Sancti
1483 2582 1596 2619 Petri
1615 2589 1722 2620 esset
1742 2581 1911 2628 electus,
1932 2595 1986 2619 an

280 2656 372 2678 vero
398 2642 741 2681 Bartholomaeus
769 2641 1099 2692 archiepiscopus
1126 2641 1330 2689 Barensis,
1356 2649 1539 2679 testatur
1563 2641 1605 2678 in
1626 2654 1699 2678 sua
1725 2639 1982 2690 depositione

278 2700 510 2749 Stephanus
533 2701 748 2752 episcopus
766 2701 1031 2748 Tudertinus,
1047 2702 1170 2746 homo
1186 2701 1369 2751 partium
1388 2700 1557 2738 Urbani.
1576 2701 1749 2750 Propter
1765 2700 1871 2737 hanc
1889 2713 1980 2749 ergo

324 2860 356 2893 ’1.
388 2860 454 2893 Ms.
476 2861 559 2899 cite,
580 2862 641 2894 fol.
664 2863 732 2894 252
750 2866 802 2897 νο.

327 2914 355 2945 2.
390 2913 455 2946 Ms.
482 2915 565 2953 cite,
591 2915 653 2947 fol.
680 2916 748 2948 146
772 2920 815 2949 ΓΟ.

327 2968 355 2998 3.
389 2967 453 2999 31⁸.
473 2967 555 3005 cite,
582 2968 641 3000 [¹01.
666 2969 734 3001 236
755 2973 805 3007 vo,

326 3020 354 3051 si.
389 3020 454 3051 ΜΒ.
474 3021 557 3059 cite,
576 3021 638 3053 fol.
658 3022 726 3054 ‘234
744 3027 792 3054 νο.

326 3074 355 3103 5.
389 3072 727 3109 Ms.eite,i'ol.198
747 3080 795 3107 νο.

326 3126 354 3156 Γ).
389 3125 453 3157 Ms.
480 3126 563 3165 cite,
589 3127 649 3159 fol.
678 3129 741 3159 221
770 3133 819 3160 VO.

324 3176 354 3209 7.
388 3178 452 3209 MS.
476 3179 558 3218 cite,
580 3180 641 3212 fol.
664 3181 732 3213 100
752 3185 793 3214 r0.
