2083 3458
279 183 333 224 96
932 195 1084 220 NOTAE
1119 194 1179 218 AD
1215 193 1343 218 vlTAs
1870 176 1998 232 [617]

278 282 397 324 randi
439 281 601 321 comitis
641 277 999 330 Petragoricensis,
1042 285 1083 316 et
1128 283 1243 314 totus
1282 275 1525 314 monialium
1571 283 1802 314 conventus
1844 274 1998 314 eisdem

279 341 461 379 Arnaldo
476 349 518 380 et
530 339 761 379 Bertrando
779 338 970 377 cederent
986 351 1031 375 ea
1053 334 1320 387 possessione.
1341 335 1405 373 Ita
1427 334 1537 374 enim
1552 334 1770 385 contigisse
1793 334 2001 385 colligitur

279 415 330 440 ex
346 400 476 438 bulla1
495 398 712 439 Clementis
728 398 762 436 V
778 398 876 435 data
895 395 1090 443 pictavis,
1111 409 1138 433 x
1157 394 1354 433 kalendas
1372 394 1510 445 aprilis
1528 408 1637 433 anno
1654 393 1779 433 tertio
1805 393 1871 445 [23
1888 385 2000 433 mars

280 459 421 510 1308]¹
449 476 456 507 ;
483 474 525 497 1n
553 473 633 509 qua
662 460 897 497 continetur
922 455 1038 493 illum
1064 453 1271 493 nobilibus
1289 453 1471 492 Arnaldo
1493 453 1661 494 Garsiae
1688 453 1753 492 del
1773 453 1869 501 Got‚
1890 453 1998 492 vice-

279 519 420 558 comiti
438 518 684 557 Leomaniae
702 525 743 555 et
760 514 1014 561 Altivillaris,
1029 521 1070 552 et
1084 513 1316 552 Bertrando
1334 512 1422 562 ejus
1437 513 1520 552 filio
1531 512 1748 552 indulsisse
1765 520 1813 550 ut
1829 520 2002 563 possent.

280 578 453 617 retinere
480 577 610 616 dictos
629 575 959 622 vicecomitatus,
982 588 1083 624 quos
1110 572 1164 612 eis
1188 580 1394 611 cesserant
1418 572 1698 623 Aremburgis'
1718 571 1932 611 abbatissa
1957 580 1999 611 et

281 645 509 676 conventus
544 635 852 674 Minorissarum
886 631 1285 683 petragoricensium
1318 631 1371 670 ad
1405 646 1506 682 quas
1539 631 1807 683 pertinebant
1838 631 2001 671 ratione

282 696 537 747 Marquesiae
562 695 669 735 filiae
682 694 830 732 nobilis
848 692 925 731 viri
952 692 1094 731 Heliae
1112 691 1377 741 Talayrandi,
1394 691 1556 730 comitis
1582 690 1941 741 petragoricensis,
1958 699 2000 730 et

282 756 494 807 quondam
515 755 743 805 Philippae,
758 752 897 791 uxoris
920 751 1021 802 ejus,
1037 750 1364 791 vicecomitissae
1383 750 1753 789 vicecomitatuum
1767 749 1999 801 praedicto-

281 829 385 863 rum,
408 814 552 853 matris
577 814 711 853 dictae
732 811 1003 862 Marquesiae,
1037 825 1142 861 quae
1174 810 1299 848 matri
1331 818 1583 849 successerat
1608 818 1649 849 et
1673 810 1716 848 in
1747 809 2002 849 monasterio

282 873 606 925 Petragoricensi
631 872 814 924 professa
840 879 941 910 erat.

336 934 416 971 Diu
446 941 542 972 ante
573 932 778 970 Arnaldus
810 929 978 970 Garsiae
1007 930 1185 968 duxerat
1207 929 1251 969 in
1279 929 1593 967 matrimonium
1615 928 1920 967 Miramondam
1950 928 1998 968 de

282 993 521 1040 Maloleone,
552 992 679 1030 filiam
707 990 928 1029 Corberani
956 989 1004 1028 de
1033 988 1274 1036 Maloleone‚
1302 988 1449 1027 nobilis
1479 988 1668 1036 Navarri,
1698 987 1815 1038 cujus
1842 987 2002 1027 mentio

281 1053 458 1091 habetur
488 1051 530 1089 in
564 1049 821 1090 collectaneis
851 1050 910 1086 De
951 1048 1120 1087 dissidio
1161 1048 1369 1097 Bonisacii
1406 1047 1521 1086 VIII
1550 1056 1585 1086 et
1623 1047 1814 1098 Philippi
1845 1047 1998 1095 Pulcri,

281 1127 319 1162 p.
345 1111 431 1150 131.
450 1111 512 1148 Ex
535 1125 581 1149 ea
602 1109 836 1161 procreavit
855 1108 1148 1156 Bertrandum,
1166 1107 1235 1158 qui
1256 1107 1483 1146 vicecomes
1506 1107 1754 1147 Leomaniae
1775 1115 1817 1146 et
1837 1106 2000 1145 Altivil·

281 1171 374 1209 laris
401 1170 480 1208 fuit
503 1178 599 1220 post
621 1177 799 1220 patrem,
821 1167 1121 1219 Raymundum
1137 1167 1359 1205 diaconum
1380 1166 1631 1205 cardinalem
1647 1166 1761 1204 tituli
1787 1166 1824 1206 S.
1848 1166 2004 1207 Mariae

281 1245 427 1278 novae,
459 1229 673 1280 Reginam,
703 1227 993 1278 Marquesiam‚
1020 1226 1181 1265 Indiam
1209 1234 1250 1265 et
1269 1226 1503 1277 Aelipdem3
1527 1226 1767 1264 Oihenartus
1789 1226 1833 1264 in
1860 1225 2002 1264 notitia

287 1289 519 1336 Vaseoniae,
537 1304 577 1340 p.
595 1288 683 1327 481.
701 1287 816 1327 Obiit
834 1295 975 1325 autem
990 1300 1099 1325 anno
1118 1286 1324 1324 MCCCXI
1345 1294 1386 1324 et
1404 1286 1590 1336 sepultus
1609 1293 1672 1325 est
1689 1285 1733 1324 in
1749 1285 2004 1324 monasterio

282 1348 576 1387 Altivillarensi
619 1348 795 1386 fratrum
840 1345 1191 1386 Praedicatorum.
1223 1345 1458 1384 Bernardus
1503 1344 1702 1384 Guidonis
1744 1344 1788 1385 in
1829 1344 2001 1384 historia

281 1408 467 1457 ejusdem
489 1406 730 1446 monasterii
748 1407 761 1429 2
786 1423 793 1444 ε
821 1406 1010 1456 Tempore
1032 1405 1234 1455 prioratus
1255 1405 1322 1443 sui
1346 1404 1403 1455 (id
1425 1412 1500 1452 est,
1525 1404 1663 1443 fratris
1688 1403 1930 1454 Raymundi
1952 1404 2002 1443 de

282 1467 445 1518 Capella
464 1466 609 1518 prioris
629 1465 962 1515 Altivillarensis>
984 1464 1083 1502 obiit
1100 1473 1135 1502 et
1152 1464 1331 1515 sepultus
1349 1464 1429 1514 suit
1448 1463 1492 1501 in
1510 1463 1671 1502 ecclesia
1688 1464 1860 1514 fratrum
1878 1463 2004 1502 domi-

282 1541 357 1564 nus
391 1527 599 1564 Arnaldus
631 1525 782 1573 Garsie,
811 1525 932 1575 frater
957 1523 1111 1562 domini
1137 1523 1350 1562 Clementis
1387 1538 1504 1574 pape,
1536 1523 1743 1561 vicecomes
1772 1523 2002 1571 Leomanie,

282 1600 388 1624 anno
404 1585 573 1623 Domini
592 1584 833 1633 MCCCXI,
857 1584 900 1622 in
920 1598 1050 1622 mense
1067 1583 1265 1634 januarii.
1452 1585 1454 1587 ’

332 1645 587 1684 Bertrandus
619 1644 766 1683 studiis
797 1644 1013 1683 literarum
1044 1642 1159 1681 dedit
1191 1656 1358 1693 operam
1388 1642 1432 1681 in
1462 1641 1674 1681 academia
1705 1642 1923 1690 Tolosana,
1954 1649 2004 1680 ut

283 1705 403 1743 docet
417 1704 613 1754 magister
630 1704 837 1742 Arnaldus
857 1702 1023 1742 Garsiae
1039 1702 1088 1741 de
1107 1702 1241 1749 Albia,
1258 1701 1425 1741 clericus
1440 1701 1558 1740 testis
1576 1701 1804 1752 productus
1821 1701 1864 1740 in
1879 1715 2002 1740 causa

283 1763 419 1802 fratris
440 1763 640 1802 Bernardi
662 1763 863 1802 Delitiosi.
888 1762 952 1801 Sic
973 1762 1082 1801 enim
1102 1761 1252 1812 legitur
1271 1761 1315 1800 in
1335 1761 1438 1800 actis
1456 1763 1471 1784 ὅ
1494 1777 1502 1799 :
1527 1761 1626 1798 Item
1646 1761 1749 1799 dizit
1778 1761 1880 1811 quod
1897 1768 2002 1811 post-

225 1836 227 1838 ’
283 1823 441 1861 modum
468 1823 552 1873 ipse
576 1823 643 1873 qui
669 1822 853 1873 loquitur,
880 1836 1019 1860 cavens
1044 1822 1088 1859 de
1111 1835 1282 1872 persona
1305 1829 1340 1858 et
1363 1820 1478 1858 rebus
1502 1820 1589 1858 suis
1612 1828 1772 1871 propter
1795 1828 2004 1858 tractatum

282 1882 558 1933 supradictum
579 1882 735 1920 recessit
755 1882 800 1920 de
820 1881 958 1929 Albia,
981 1889 1015 1919 et
1037 1880 1107 1918 ivit
1128 1880 1396 1930 Burdigalam
1416 1880 1468 1918 ad
1488 1879 1696 1918 dominum
1715 1880 2006 1930 Raymundum

283 1942 327 1980 de
356 1942 462 1989 Gom,
487 1950 664 1992 nepotem
686 1941 885 1992 quondam
906 1940 1060 1978 domini
1082 1954 1187 1991 pape
1210 1939 1435 1988 Clementis,
1460 1939 1527 1990 qui
1549 1939 1799 1990 postmodum
1819 1938 1900 1988 fuit
1921 1953 2004 1977 car-

283 2000 453 2050 dinalis,
489 2001 583 2051 quia
615 2000 731 2051 prius
763 2001 893 2050 fuerat
925 1999 1056 2038 socius
1092 1999 1135 2037 in
1166 1999 1298 2037 studio
1335 1999 1530 2036 Tolosano
1563 1998 1777 2036 Bertrandi
1810 1998 1855 2036 de
1895 1997 2004 2046 Goto,

283 2060 420 2110 fratris
458 2060 634 2110 ejusdem
672 2060 825 2098 domini
865 2058 1111 2109 Raymundi.
1154 2058 1303 2097 Postea
1342 2057 1575 2097 Beatricem
1616 2057 1744 2095 filiam
1782 2057 2002 2096 Bertrandi

284 2119 537 2158 vicecomitis
568 2119 843 2158 Lautricensis
873 2118 1039 2157 vinculo
1069 2117 1278 2168 conjugali
1302 2117 1379 2156 sibi
1409 2116 1596 2164 sociavit,
1622 2130 1673 2155 ex
1701 2130 1831 2167 eaque
1862 2116 2004 2168 genuit

288 2178 488 2228 Reginam
512 2192 683 2217 uxorem
710 2178 882 2217 Joannis
913 2178 943 2225 I,
970 2176 1131 2216 comitis
1157 2176 1502 2225 Armaniacensis,
1525 2184 1566 2215 et
1579 2176 1804 2226 Braydam,
1830 2189 2001 2214 uxorem

288 2237 509 2287 Raynaudi
534 2237 787 2276 vicecomitis
811 2236 1068 2287 Bruniquelli
1083 2237 1110 2275 4.
1147 2236 1381 2287 Acquisivit
1418 2244 1559 2274 autem
1585 2235 1794 2286 emptione
1821 2242 2003 2273 castrum

336 2449 368 2480 ’1.
387 2448 547 2481 clement
566 2448 608 2487 V,
625 2460 660 2480 n.
678 2448 784 2481 3556.
801 2466 849 2470 —-
863 2448 1110 2491 Aremburgc‚
1127 2458 1229 2479 sceui·
1245 2446 1406 2486 d’Helie‚
1424 2453 1461 2479 et
1477 2446 1679 2490 Marquise,
1697 2458 1737 2479 sa
1755 2446 1840 2486 fille,
1858 2446 2003 2480 etaient

286 2503 434 2534 censecs
453 2502 483 2534 le
504 2503 547 2534 22
567 2502 773 2534 novembre
793 2502 885 2534 1307
906 2501 1012 2533 avoir
1030 2501 1104 2544 pris
1123 2500 1261 2533 l’habit
1278 2500 1459 2543 religieux
1478 2500 1610 2543 depuis
1629 2500 1720 2533 trois
1739 2502 1877 2533 annees
1895 2501 2005 2532 revo-

286 2555 363 2587 lues
388 2555 561 2597 (Clement
583 2555 625 2594 V,
647 2566 681 2587 n.
704 2554 825 2598 2426).
848 2555 929 2587 Une
950 2555 1049 2587 bulle
1070 2555 1120 2586 du
1141 2555 1184 2586 22
1204 2554 1296 2586 aofit
1315 2554 1409 2587 1306
1433 2554 1480 2596 (n.
1502 2554 1609 2596 1268)
1632 2553 1852 2586 mentionne
1871 2553 2004 2586 Arem-

287 2609 401 2651 burgc
423 2620 513 2640 avec
534 2609 565 2640 lc
587 2608 674 2640 titre
696 2608 906 2641 d’abbesse.
929 2608 999 2641 Sur
1018 2609 1069 2641 les
1090 2608 1190 2640 deux
1209 2619 1353 2640 nonnes
1375 2607 1456 2640 voir
1478 2607 1597 2640 Eubel
1622 2607 1678 2650 (B.
1695 2607 1753 2646 F.,
1775 2613 1802 2640 t.
1826 2619 1860 2646 v,
1882 2618 1917 2639 n.
1940 2607 2005 2640 63-

289 2662 344 2699 65,
364 2662 485 2700 97-99,
505 2662 602 2704 106).

339 2715 368 2746 2.
393 2715 591 2747 Toulousc.
610 2726 677 2747 ms.
702 2713 784 2753 490,
808 2714 832 2747 f.
858 2715 926 2746 214
948 2718 981 2746 r0
999 2733 1059 2746 .—
1072 2714 1230 2746 Arnaud
1253 2714 1381 2746 Garsie
1405 2714 1449 2746 de
1473 2713 1548 2746 Got
1568 2715 1709 2757 epousa
1731 2725 1777 2746 en
1799 2713 2000 2756 premieres

288 2779 397 2799 noves
418 2768 592 2800 filant-hv.
615 2768 668 2799 Dc
687 2780 727 2799 sa
745 2768 905 2800 seconde
924 2767 1062 2800 semme
1081 2767 1317 2800 Miramonde
1346 2767 1390 2799 de
1410 2767 1587 2800 Mauleon
1604 2767 1629 2799 il
1647 2773 1723 2806 eut,
1744 2779 1790 2800 en
1808 2773 1916 2799 outre
1938 2767 2001 2799 des

288 2821 438 2853 elifants
458 2821 695 2854 nwnti0nnes
714 2833 782 2864 par
794 2821 944 2860 Baluze,
964 2821 1113 2854 Beraud
1132 2821 1177 2854 de
1196 2820 1282 2860 Got‚
1304 2820 1496 2853 Raimond
1515 2820 1691 2853 Guilhem
1712 2821 1756 2853 de
1776 2819 1862 2859 Got‚
1884 2819 2003 2852 Reine

292 2873 427 2916 (jonna)
448 2875 584 2907 marie'e
602 2875 622 2906 a
638 2874 806 2906 Bcrnard
824 2875 867 2907 de
886 2874 1045 2907 Duriort
1065 2874 1226 2917 (Archiv,
1244 2880 1270 2906 t.
1289 2885 1324 2913 v,
1343 2885 1378 2917 p.
1397 2874 1495 2917 149).

337 2926 372 2958 3.
400 2927 439 2959 13,
458 2927 515 2965 N.,
532 2939 599 2960 ms.
615 2927 710 2959 latin
726 2926 832 2966 4270,
848 2927 873 2960 f.
891 2928 935 2961 80
950 2931 1002 2960 v0.

337 2978 369 3011 l1.
394 2980 530 3012 Baluzc
553 2981 717 3013 confond
738 2981 888 3013 Beraud
911 2981 954 3013 dc
978 2980 1065 3020 Got,
1091 2980 1146 3013 fils
1169 2981 1252 3013 aine
1275 2979 1474 3012 d’Arnaud
1496 2979 1638 3019 Garsie‚
1669 2985 1707 3012 et
1736 2979 1925 3012 Bertrand
1955 2979 2002 3012 de

290 3031 375 3070 Cot,
392 3044 458 3064 son
475 3033 568 3065 frere
586 3036 709 3076 puffne.
730 3034 858 3073 Reme,
876 3034 940 3077 qui
956 3035 1098 3077 epousa
1112 3033 1210 3066 Jcan
1226 3033 1494 3076 d’Armagnac‚
1511 3033 1607 3066 etait
1627 3031 1727 3066 issue
1744 3033 1788 3065 de
1812 3032 2001 3065 Bertrand

291 3084 453 3126 (Baluze,
479 3093 503 3119 t.
525 3099 575 3125 111,
601 3098 634 3129 p.
658 3087 847 3130 372-379),
865 3087 958 3120 mais
980 3087 1145 3130 Brayda,
1168 3086 1306 3119 mariee
1323 3086 1344 3118 a
1362 3086 1554 3119 Raimond
1579 3086 1687 3130 (alias
1709 3085 1900 3126 Rainaud,
1923 3085 2004 3119 Cle-
