2083 3458
204 280 288 322 364
856 287 1008 313 NOTAE
1044 287 1104 312 AD
1139 287 1266 312 vrrAs
1790 267 1903 325 [855]

206 380 255 418 de
294 377 477 424 Noalliis‚
515 388 693 414 sororem
735 372 812 410 viri
842 370 1084 409 nobilissimi
1119 382 1166 408 ac
1203 368 1417 409 clarissimi
1443 370 1615 409 Antonii
1648 369 1697 409 de
1730 370 1912 419 Noalliis,

206 453 386 478 sororem
437 437 538 474 item
586 434 768 471 virorum
817 430 1173 469 celeberrimorum
1222 429 1427 468 Francisci
1486 430 1663 480 episcopi
1712 430 1913 480 Aquensis

206 507 248 537 et
284 496 443 546 Aegidii
479 494 642 533 abbatis
684 490 877 530 Insulani.
918 489 1134 527 Probabile
1171 497 1259 527 erat
1296 497 1336 527 et
1371 489 1588 528 verisimile
1624 490 1913 540 posteritatem

208 556 373 596 Geraldi
424 556 473 593 de
525 552 776 598 Podiovalle,
829 549 898 600 qui
949 550 1085 599 plures
1136 548 1284 586 liberos
1336 549 1537 587 masculos
1591 563 1642 587 ex
1696 548 1912 587 Francisca

207 615 400 666 suscepit,
420 615 663 652 duraturam
681 611 815 649 adhuc
833 624 904 660 per
921 608 1080 658 aliquot
1098 608 1245 646 secula.
1267 608 1321 645 Et
1338 616 1493 655 tamen,
1512 623 1605 647 cum
1622 623 1753 646 mares
1773 623 1912 647 omnes

208 675 476 715 decessissent
498 673 653 722 absque
674 669 824 717 liberis,
848 669 931 707 sola
953 668 1095 706 relicta
1118 675 1180 705 est
1204 667 1419 705 Francisca
1442 667 1490 706 de
1514 667 1751 705 Podiovalle
1773 683 1914 706 eorum

209 750 321 774 soror
347 743 388 772 et
416 733 498 771 filia
526 730 703 778 Geraldi,
731 743 835 779 quae
862 742 970 765 anno
998 727 1195 773 MDLIX,
1224 726 1287 765 die
1314 741 1415 764 xvln
1435 727 1553 776 junii,
1577 727 1719 777 nupsit
1740 727 1913 777 Rigaldo

209 793 500 834 Sammarsalio
528 790 730 840 Drugiaco
756 787 899 826 baroni
924 786 1200 825 Aureliacensi
1221 795 1261 824 et
1281 786 1433 824 ballivo
1454 787 1659 824 montium
1677 787 1912 828 Arverniae,

210 855 273 893 Sic
291 854 432 903 itaque
451 851 658 890 extinctus
678 856 739 887 est
756 862 893 885 ramus
911 847 976 884 ille
995 845 1126 896 gentis
1145 846 1462 884 de'Pocliovalle.
1484 846 1709 884 Posteritas
1729 846 1916 895 Joannis,

211 913 280 964 qui
301 913 380 950 fuit
400 911 589 949 dominus
610 909 789 946 Alzonae
809 915 850 945 et
872 906 966 943 Rivi
987 906 1035 943 de
1056 905 1313 952 Minerbesio,
1335 905 1568 955 quaerenda
1589 914 1651 943 est
1671 906 1781 955 apud
1803 903 1916 944 Occi—

210 982 343 1011 tanos.
819 995 821 997 -

266 1032 457 1070 Nicolaus
501 1028 585 1067 sive
619 1026 781 1065 Colinus
816 1026 864 1063 de
899 1024 1075 1071 judicia,
1110 1023 1179 1073 qui
1219 1023 1260 1061 in
1292 1024 1454 1073 Regesto
1487 1023 1696 1068 LXXXX
1732 1024 1810 1075 [JJ
1839 1023 1914 1076 90]

211 1090 367 1129 archivi
389 1088 488 1139 regii
512 1087 653 1135 Paris,
679 1100 766 1136 cap.
795 1099 932 1131 CLXVI,
958 1083 1108 1121 dicitur
1132 1083 1278 1120 nobilis
1302 1083 1361 1120 vir
1384 1082 1578 1121 Nicolaus
1610 1084 1782 1131 judicis.
1808 1084 1919 1134 filius

210 1150 484 1199 emancipatus
509 1146 655 1185 nobilis
679 1153 713 1183 et
736 1143 904 1195 potentis
929 1143 1004 1181 viri
1030 1143 1182 1180 domini
1210 1142 1351 1180 Jacobi
1378 1142 1550 1190 Judicz's,
1577 1143 1718 1180 militis
1741 1143 1918 1181 Lemovi-

210 1210 337 1248 censis
356 1207 534 1254 diocesis,
556 1218 841 1255 germanusque
860 1202 1056 1240 reverendi
1075 1202 1203 1252 patris
1222 1202 1374 1239 domini
1400 1201 1603 1239 Guillelmi
1623 1202 1763 1240 Sancte
1782 1203 1918 1241 Marte

211 1270 253 1307 in
278 1267 491 1306 Cosmedin
514 1264 673 1304 diaconi
698 1262 929 1309 cardinalis,
956 1262 1057 1299 duas
1082 1276 1229 1299 uxores
1254 1261 1414 1299 habuit.
1443 1261 1579 1299 Prima
1604 1261 1684 1299 fuit
1710 1262 1915 1312 Dalphina

210 1329 258 1367 de
290 1329 546 1366 Castronovo
578 1323 744 1362 domina
776 1323 824 1360 de
857 1322 1112 1360 Castronovo
1144 1329 1185 1359 et
1217 1321 1264 1359 de
1298 1321 1335 1359 S.
1371 1320 1556 1370 Remigio
1588 1320 1843 1360 Mimatensis
1875 1330 1917 1360 et

209 1386 458 1425 Vivariensis
475 1385 706 1422 dioecesum
730 1398 736 1420 z
762 1396 865 1431 quae
890 1381 974 1419 sine
995 1380 1131 1418 liberis
1159 1380 1357 1418 decedens
1382 1380 1707 1418 testamentuml
1731 1381 1916 1419 condidit

209 1447 321 1497 apud
353 1444 608 1483 Avenionem
641 1442 684 1479 in
714 1441 859 1479 librata
889 1440 1034 1490 prefati
1066 1439 1218 1477 domini
1250 1439 1468 1477 cardinalis
1505 1439 1708 1477 Guillelmi
1741 1440 1916 1479 Sanctae

210 1505 394 1544 Mariae2
425 1504 469 1541 in
501 1501 718 1541 Cosmedin
750 1499 912 1538 diaconi
945 1499 1161 1537 cardinalis
1199 1513 1307 1536 anno
1340 1499 1632 1547 MCCCLXIV,
1667 1499 1730 1538 die
1772 1500 1915 1539 martis

209 1566 356 1604 ultima
384 1563 533 1602 mensis
562 1561 719 1612 aprilis3
747 1559 789 1597 in
818 1573 898 1609 quo
927 1558 1041 1596 dedit
1068 1558 1195 1596 nobili
1224 1558 1392 1596 Nicolao
1421 1558 1587 1596 domino
1607 1558 1655 1596 de
1684 1559 1914 1607 Lavineria‚

211 1624 376 1663 domino
396 1631 437 1661 et
455 1621 604 1659 marito
623 1635 710 1667 suo,
725 1620 801 1656 duo
817 1618 946 1655 millia
960 1618 1198 1668 florenorum
1212 1617 1303 1655 auri
1320 1617 1437 1655 semel
1453 1617 1533 1654 sibi
1550 1618 1751 1655 solvendos
1767 1633 1916 1657 necnon

211 1692 381 1722 castrum
404 1683 448 1720 de
468 1681 507 1719 S.
524 1679 707 1728 Remigio
726 1677 974 1716 Vivariensis
996 1677 1160 1714 diocesis
1183 1691 1252 1726 per
1275 1676 1409 1726 ipsum
1430 1677 1639 1714 tenendum
1663 1686 1697 1715 et
1713 1678 1915 1728 possiden-

210 1744 304 1782 dum
335 1741 525 1792 quamdiu
556 1739 677 1777 vitam
707 1737 861 1775 duxerit
891 1736 934 1774 in
964 1736 1164 1774 humanis.
1197 1736 1392 1774 Testatur
1422 1744 1562 1775 autem
1593 1745 1770 1776 matrem
1800 1752 1917 1777 suam

211 1803 334 1840 fuisse
361 1801 488 1839 filiam
513 1797 692 1848 Astorgii
717 1796 927 1847 quondam
947 1795 1102 1833 domini
1127 1795 1175 1833 de
1196 1794 1424 1833 Aureliaco.
1450 1795 1513 1832 Ex
1539 1810 1618 1845 quo
1645 1796 1777 1846 colligi
1800 1812 1918 1847 posse

211 1862 376 1900 videtur
394 1874 484 1898 eam
503 1858 625 1896 fuisse
644 1856 771 1895 etiam
791 1855 918 1894 filiam
939 1854 1164 1905 Delphinae
1185 1854 1233 1892 de
1253 1855 1392 1902 Turre,
1420 1868 1523 1904 quae
1550 1869 1658 1893 anno
1678 1856 1919 1895 MCCCXIV

212 1921 353 1971 nupsit
386 1917 576 1968 Astorgio
609 1917 658 1954 de
691 1914 919 1961 Aureliaco,
952 1922 1000 1951 ut
1034 1914 1158 1952 fidem
1191 1913 1291 1951 facit
1322 1921 1442 1952 vetus
1476 1914 1716 1953 membrana
1754 1916 1864 1954 edita
1898 1930 1920 1954 a

214 1980 388 2018 Justello
414 1978 521 2015 inter
546 1975 806 2014 Probatz'ones
831 1973 1017 2011 historiae
1046 1973 1338 2010 Turrianorum
1363 1973 1645 2021 Arvernorum,
1671 1989 1710 2024 p.
1741 1975 1828 2014 179.
1859 1976 1922 2013 Ex

215 2054 295 2090 quo
317 2036 581 2087 consequitur
603 2033 854 2084 Dalphinam
874 2033 922 2071 de
944 2033 1212 2079 castronovo,
1234 2046 1404 2070 uxorem
1426 2032 1583 2070 Nicolai
1605 2033 1776 2082 Judicis>
1797 2034 1920 2073 fuisse

215 2097 562 2147 consanguineam
598 2107 835 2144 germanam
868 2091 1025 2141 Aegidii
1054 2091 1259 2141 Ayscelini
1289 2091 1519 2141 presbyteri
1556 2092 1772 2131 cardinalis
1808 2094 1921 2131 tituli

216 2157 356 2196 Sancti
382 2154 548 2193 Martini
571 2153 614 2191 in
638 2152 863 2198 montibus,
891 2165 1013 2200 quem
1037 2150 1125 2201 ipsa
1152 2150 1368 2188 constituit
1394 2158 1655 2190 executorem
1679 2153 1922 2191 testamenti

217 2217 277 2256 sui
299 2230 380 2253 una
404 2229 497 2253 cum
520 2212 736 2251 Guillelmo
760 2210 916 2248 Judicis
940 2209 1112 2247 diacono
1136 2209 1340 2247 cardinale
1372 2210 1547 2248 Sanctae
1578 2210 1731 2250 Mariae
1761 2212 1803 2249 in
1829 2213 1921 2251 Cos-

216 2275 355 2315 medin
385 2282 426 2312 et
455 2271 686 2311 Bertrando
719 2270 766 2308 de
799 2270 1053 2307 Castronovo
1085 2268 1390 2318 archiepiscopo
1423 2269 1720 2309 Ebredunensi.
1756 2271 1921 2311 Etenim

218 2336 437 2373 Macarona
459 2333 506 2370 de
528 2332 667 2377 Turre,
690 2343 794 2379 quae
815 2343 926 2366 soror
947 2336 1035 2366 erat
1055 2327 1171 2365 aviae
1191 2327 1308 2365 istius
1332 2328 1561 2378 Dalphinae
1583 2329 1630 2367 de
1652 2330 1921 2379 Castronovo,

220 2395 317 2432 data
337 2393 416 2430 fuit
434 2392 475 2430 in
494 2389 806 2429 matrimonium
824 2402 931 2425 anno
951 2386 1154 2425 MCCCXI
1183 2386 1352 2436 Aegidio
1371 2387 1576 2436 Ayscelini
1603 2388 1737 2436 militi,
1758 2390 1924 2429 domino

221 2451 500 2498 Montisacuti,
525 2458 572 2487 ut
602 2448 750 2498 legitur
774 2447 885 2497 apud
913 2446 1133 2484 Justellum
1154 2445 1197 2483 in
1226 2446 1314 2484 loco
1345 2460 1468 2496 supra
1498 2447 1682 2486 laudato.
1717 2448 1923 2500 Dalphina

220 2527 340 2563 porro
365 2509 549 2548 instituit
573 2507 740 2546 heredes
766 2520 859 2544 suas
886 2505 1125 2554 Maragdam
1152 2505 1200 2543 de
1227 2505 1481 2543 Castronovo
1507 2505 1717 2545 dominam
1744 2508 1792 2546 de
1819 2509 1923 2546 Lau-

222 2573 331 2609 duno
354 2578 394 2608 et
416 2567 691 2618 Marquesiam
713 2566 761 2603 de
777 2565 1031 2603 Castronovo
1054 2564 1201 2602 amitas
1224 2578 1330 2611 suas,
1346 2572 1438 2603 tum
1459 2564 1585 2604 etiam
1604 2565 1752 2605 liberos
1775 2567 1922 2618 Guigo-

221 2631 311 2668 niae
336 2629 383 2667 de
409 2629 663 2666 Castronovo
687 2624 853 2662 alterius
877 2623 1029 2661 amitae
1053 2637 1163 2670 suae,
1189 2637 1293 2672 quae
1316 2623 1511 2661 videntur
1534 2623 1656 2663 fuisse
1683 2625 1788 2665 filiae
1813 2627 1922 2665 Guil-

220 2688 328 2727 lelmi
358 2688 405 2725 de
435 2688 689 2725 Castronovo
718 2684 755 2721 S.
788 2682 962 2731 Remigii
988 2681 1167 2719 viventis
1195 2696 1303 2719 anno
1333 2681 1553 2730 MCCCIII,
1579 2692 1626 2721 ut
1654 2684 1804 2723 docent
1828 2694 1921 2724 acta

221 2748 330 2786 edita
354 2747 395 2784 in
421 2743 675 2783 Collectancis
700 2743 743 2779 cle
770 2741 937 2779 dissidio
961 2741 1165 2789 Bonijacii
1195 2740 1308 2777 VIII
1330 2749 1363 2778 ct
1380 2742 1567 2792 Philippi
1590 2743 1742 2791 Ριιίσνί,
1766 2759 1805 2795 p.
1833 2745 1919 2784 145.

276 2807 329 2843 Et
365 2805 560 2854 quoniam
595 2801 751 2840 occasio
786 2815 827 2838 se
863 2799 1036 2838 obstulit
1071 2799 1313 2837 ostendendi
1348 2800 1437 2849 quis
1472 2809 1513 2839 et
1556 2802 1764 2842 undenam
1798 2803 1922 2842 fuerit

220 2864 472 2903 Ber-trandus
504 2861 832 2911 archiepiscopus
866 2858 1183 2905 Ebredunensis,
1216 2859 1331 2907 cujus
1364 2874 1513 2898 nomen
1556 2868 1723 2901 tantum
1754 2856 1921 2913 ponitur

219 2924 259 2961 in
294 2923 425 2961 Gallia
453 2921 682 2966 christiana,
711 2919 847 2967 aliqua
876 2917 992 2955 nobis
1021 2917 1068 2955 de
1097 2932 1142 2955 eo
1171 2918 1342 2956 dicenda
1371 2927 1479 2957 sunt.
1510 2920 1634 2958 Ortus
1663 2929 1724 2959 est
1751 2936 1844 2971 ergo
1872 2937 1921 2960 ex

221 2982 344 3019 nobili
376 2989 494 3030 gente
525 2980 573 3017 de
605 2980 858 3017 Castronovo
887 2976 928 3014 in
959 2976 1131 3014 dioecesi
1162 2977 1407 3015 Mimatensi.
1442 2978 1591 3017 Factus
1623 2988 1762 3018 autem
1792 2982 1920 3019 archi-

267 3115 297 3146 Ἰ.
320 3114 358 3145 13.
383 3113 439 3151 N„
461 3124 526 3144 1113.
549 3111 684 3143 Bamze
704 3108 785 3149 393,
806 3120 839 3141 n.
862 3110 941 3142 645.

268 3169 297 3199 2.
323 3166 470 3204 Baluze,
496 3171 520 3197 t.
544 3176 594 3202 lv,
620 3175 652 3205 p.
678 3162 757 3194 124.
