2083 3458
70 204 222 259 [1421]
622 219 837 244 PAPARUM
874 216 1257 244 AVENIONENSIUM
1679 200 1761 241 337

67 314 109 344 et
141 304 333 344 comitem
365 301 598 349 Bellifortis‚
634 302 872 352 Gregorium
908 302 983 349 XI,
1016 316 1182 352 papam,
1218 301 1433 339 Nicolaum
1466 300 1678 339 dominum
1712 301 1762 339 de

70 365 301 403 Hermanco
330 370 371 400 et
401 361 450 399 de
482 360 667 406 Limolio‚
700 361 903 399 Joannem
933 360 1284 411 archiepiscopum
1316 359 1690 410 Rothomagensem
1720 369 1760 399 et

69 423 390 468 Narbonensem,
419 419 925 470 Raymundu1n‚Elipdim
953 419 1203 458 comitissam
1228 418 1573 466 Valentinensem,
1596 418 1762 469 Dalphi-

67 496 163 520 nam
182 494 353 518 uxorem
375 478 558 528 Hugonis
579 478 628 516 (16
651 478 781 528 Rupe,
803 478 989 517 Matham
1009 486 1183 528 nuptam
1203 492 1311 516 anno
1331 477 1544 516 millesimo
1565 478 1761 516 CCCLIII

68 539 246 579 Guidoni
281 539 329 577 de
363 538 503 584 Turre,
539 536 803 587 Margaritam
837 552 1006 576 uxorem
1041 537 1204 576 Geraldi
1230 536 1574 575 Ventedornensis
1609 537 1763 577 domini

67 600 116 638 de
141 599 397 644 Donzenaco,
419 604 461 635 et
483 595 655 634 Mariam
678 603 851 646 nuptam
874 596 1052 646 primum
1075 596 1225 634 Garino
1250 596 1298 633 de
1321 595 1574 634 Castronovo
1597 595 1764 636 domino

68 659 117 697 de
139 656 354 708 Apeherio,
377 655 536 702 deinde,
558 669 605 693 eo
636 654 740 693 circa
771 669 925 692 annum
943 655 1239 693 MCCCLXXV
1261 654 1459 702 extincto,
1483 654 1761 704 conjunctam,

68 725 115 755 ut
136 716 324 763 arbitror,
348 729 441 753 cum
465 713 714 763 Raymundo
736 713 785 752 de
810 714 1014 764 Nogareto
1037 714 1202 753 domino
1225 714 1273 752 (16
1297 713 1541 752 Calvissone.
1568 714 1631 751 Ex
1652 714 1764 752 Actis

69 775 219 826 quippe
251 774 458 813 veteribus
492 773 600 811 datis
633 787 741 810 anno
774 772 987 811 millesimo
1021 773 1315 819 CCCLXXIX,
1350 772 1412 810 die
1447 786 1553 810 xxlx
1585 773 1764 823 augusti,

68 849 172 885 quae
209 841 355 873 extant
390 832 432 870 in
468 831 638 870 Archivo
673 831 961 882 archiepiscopi
997 831 1285 879 Narbonensis,
1324 831 1454 881 liquet
1499 831 1670 871 Mariam
1715 831 1765 870 de

67 892 278 933 Belloforti
301 905 479 930 sororem
502 904 739 940 germanam
763 890 933 928 Joannis
957 890 1249 941 archiepiscopi
1274 890 1549 928 Narbonensis
1573 890 1694 929 fuisse
1718 905 1764 929 ea

68 959 316 1003 tempestate
346 964 515 988 uxorem
543 949 660 988 istius
694 949 931 998 Raymundi
961 949 1008 987 de
1040 949 1258 999 Nogareto.
1292 949 1456 987 Domini
1486 949 1533 987 de
1564 949 1766 1000 Apcherio

68 1010 299 1050 consobrini
333 1008 570 1059 Raymundi
601 1009 650 1047 de
683 1008 872 1046 Turenna
906 1008 1060 1046 mentio
1092 1016 1153 1046 est
1184 1008 1225 1046 in
1256 1008 1366 1046 bulla
1391 1008 1609 1046 Benedicti
1643 1008 1766 1056 XIII,

68 1071 167 1109 data
187 1084 295 1108 anno
318 1069 431 1116 XIV,
452 1068 562 1107 edita
582 1067 689 1106 inter
708 1067 966 1104 Probationes
987 1067 1118 1105 histor.
1144 1067 1402 1114 Turennens„
1422 1081 1514 1117 pag.
1538 1067 1624 1106 138.

123 1129 240 1178 Quod
259 1136 399 1166 autem
417 1127 540 1177 paulo
559 1134 655 1165 ante
675 1126 851 1164 diximus
871 1125 1067 1176 suspicari
1086 1140 1157 1164 nos
1177 1126 1353 1176 primam
1376 1140 1544 1164 uxorem
1564 1126 1767 1164 Guillelmi

71 1187 232 1238 Rogerii
247 1187 368 1225 fuisse
384 1186 555 1224 Mariam
570 1186 619 1224 de
635 1184 902 1232 Chambonio,
917 1186 1022 1222 hanc
1038 1185 1317 1234 conjecturam
1332 1192 1515 1223 nostram
1526 1185 1769 1223 confirmare

69 1247 233 1286 videtur
272 1246 429 1296 apocha
470 1244 788 1295 quingentorum
830 1244 1077 1282 florenorum
1118 1258 1218 1294 quos
1258 1244 1509 1282 Bertrandus
1554 1244 1602 1282 de
1643 1244 1769 1282 Turre

71 1306 260 1344 habuisse
280 1320 320 1343 se
345 1304 567 1343 confitetur
594 1318 702 1342 anno
722 1303 997 1350 MCCCXLII,
1019 1302 1081 1341 die
1111 1310 1227 1341 sexta
1253 1302 1490 1350 decembris,
1511 1317 1532 1341 a
1553 1302 1770 1341 Guillelmo-

73 1364 235 1415 Rogerii
256 1364 422 1403 domino
441 1362 684 1403 Chambonii
706 1370 747 1400 et
769 1362 909 1400 Sancti
925 1361 1118 1412 Exuperii
1140 1376 1213 1412 pro
1236 1362 1331 1399 dote
1355 1361 1534 1411 Aelipdis
1552 1362 1600 1400 de
1623 1362 1769 1400 Cham-

71 1424 193 1462 bonio
225 1423 331 1462 filiae
361 1422 545 1473 ejusdem
576 1421 793 1468 Guillelmi,
824 1421 961 1459 uxoris
992 1435 1087 1459 vero
1118 1420 1322 1459 Guillelmi
1352 1421 1400 1458 de
1429 1420 1555 1458 Turre
1588 1420 1658 1458 filii
1693 1420 1768 1459 sui.

74 1483 207 1533 Hujus
236 1482 418 1533 apochae
448 1480 702 1520 breviculum
731 1480 909 1523 habetur
936 1480 977 1517 in
1010 1479 1236 1517 Inventario
1265 1479 1414 1517 archivi
1447 1479 1772 1517 Mercuroliensis

70 1542 181 1593 apud
209 1542 425 1580 Arvernos.
454 1541 499 1578 In
526 1540 670 1578 eodem
699 1539 926 1577 Inventario
947 1539 1197 1577 adnotatum
1224 1546 1286 1577 est
1312 1539 1420 1576 hunc
1439 1538 1700 1577 Guillelmum
1721 1538 1772 1577 de

71 1601 197 1639 Turre
226 1599 386 1651 Aelipdi
424 1599 472 1638 de
502 1599 770 1646 Chamboni0‚
803 1598 908 1637 filiae
939 1598 1142 1637 Guillelmi
1175 1597 1337 1647 Rogerii
1373 1597 1624 1636 vicecomitis
1652 1597 1770 1635 Belli-

73 1660 189 1699 fortis
211 1667 252 1698 et
274 1659 439 1697 Mothae
460 1658 660 1708 uxorique
682 1672 792 1706 suae,
815 1657 846 1696 si
867 1657 934 1695 illa
957 1665 1161 1708 superstes
1184 1657 1219 1695 ei
1240 1664 1359 1704 esset,
1382 1656 1538 1695 dedisse
1565 1664 1771 1694 trecentas

74 1719 197 1757 libras
229 1717 355 1756 annui
385 1717 553 1756 reditus.

127 1777 300 1816 Garinus
327 1777 375 1816 de
402 1777 656 1815 Castronovo
680 1775 798 1814 istius
825 1775 998 1814 nominis
1024 1775 1179 1826 primus
1206 1774 1394 1812 dominus
1421 1774 1469 1812 de
1496 1774 1696 1824 Apcherio
1722 1789 1773 1811 ex

72 1852 198 1876 uxore
222 1851 294 1875 sua
319 1835 447 1874 Maria
472 1836 520 1874 de
543 1835 756 1874 Belloforti
778 1834 945 1884 reliquit
968 1834 1166 1873 Garinum
1194 1834 1233 1871 II
1257 1841 1299 1872 et
1325 1833 1632 1882 Raymundum.
1659 1833 1770 1871 Gari-

73 1911 148 1934 nus
173 1896 212 1934 II
233 1909 402 1934 uxorem
431 1894 578 1933 habuit
600 1894 850 1944 Dalphinam
874 1893 1079 1944 Dalphini,
1104 1893 1233 1930 filium
1260 1892 1493 1931 Beraldum.
1518 1892 1580 1929 Ex
1599 1892 1775 1929 Beraldo

74 1962 163 1993 orta
200 1962 262 1994 est
317 1953 548 2002 Camerina,
605 1967 730 2004 quam
782 1952 1009 1991 condidisse
1062 1959 1360 1991 testamentum
1408 1965 1515 1989 anno
1554 1950 1773 1989 -MCCCLV

74 2014 203 2052 tradit
231 2013 566 2052 Thaumasserius
593 2012 634 2050 in
662 2012 845 2050 Historia
872 2011 1117 2060 Biturigum,
1145 2025 1184 2061 p.
1215 2010 1302 2049 735.

127 2073 364 2123 Antequam
383 2072 590 2110 discedam
609 2072 661 2109 ab
680 2071 756 2109 hoc
774 2071 876 2119 loco,
896 2085 978 2109 non
996 2070 1139 2108 inutile
1159 2070 1235 2108 erit
1254 2069 1391 2119 aliqua
1412 2069 1541 2107 dicere
1562 2069 1610 2106 de
1631 2082 1773 2118 genea-

76 2132 180 2181 logia
209 2131 372 2170 Geraldi
400 2131 448 2169 de
479 2131 721 2169 Donzenaco
749 2130 886 2169 mariti
915 2129 1159 2179 Margaritae
1189 2128 1399 2178 Rogeriae,
1428 2127 1578 2174 fratris,
1606 2135 1653 2165 ut
1680 2141 1775 2176 ergo

75 2191 264 2238 arbitror,
297 2185 447 2229 Heliae>
469 2189 647 2240 episcopi
678 2189 884 2236 Patavini,
917 2203 1038 2238 quern
1070 2187 1284 2238 Gregorius
1318 2187 1379 2225 XI
1409 2194 1589 2225 testatur
1619 2185 1771 2235 generis

75 2248 291 2288 nobilitate
314 2248 575 2300 perspicuum
598 2256 640 2287 et
661 2248 849 2298 proxima
874 2247 1074 2285 affinitate
1099 2247 1175 2285 sibi
1199 2246 1468 2296 conjunctum
1491 2245 1626 2292 fuisse,
1652 2258 1774 2294 quem

76 2323 171 2347 vero
204 2324 224 2347 e
259 2308 461 2346 Patavina
495 2308 690 2346 cathedra
723 2315 826 2357 puto
859 2306 1066 2345 transiisse
1100 2306 1152 2343 ad
1186 2306 1442 2344 Castrensem
1474 2304 1515 2342 in
1549 2302 1772 2353 Aquitania

75 2367 206 2418 prima
224 2367 251 2406 ¹.
277 2367 354 2415 Qui
375 2366 484 2405 enim
505 2366 632 2405 frater
652 2373 740 2404 erat
760 2365 866 2404 illius
889 2365 1063 2404 hominis
1087 2364 1156 2415 qui
1188 2364 1229 2402 in
1255 2362 1564 2403 matrimonium
1593 2361 1774 2399 habebat

79 2435 257 2464 sororem
272 2425 466 2475 Gregorii,
478 2425 510 2464 is
524 2425 709 2476 profecto
724 2425 911 2476 proxima
926 2424 1126 2462 affinitate
1139 2438 1185 2462 eo
1201 2422 1443 2472 conjunctus
1456 2429 1556 2459 erat.
1572 2420 1774 2458 Habuisse.

79 2500 198 2535 porro
233 2485 453 2524 Geraldum
486 2484 656 2523 fratrem
686 2483 804 2522 istius
838 2483 1013 2521 nominis
1046 2482 1088 2520 in
1121 2481 1293 2520 clericali
1327 2480 1466 2518 ordine
1500 2479 1775 2518 constitutum

80 2544 229 2582 docent
265 2544 398 2581 literae
423 2543 610 2594 Philippi
643 2542 703 2580 VI
727 2542 829 2592 regis
858 2543 1107 2580 Francorum
1143 2541 1264 2578 datae
1299 2554 1407 2577 anno
1443 2537 1772 2577 MCCCXXVIII

81 2603 143 2641 die
163 2611 310 2652 quarta
330 2602 585 2653 septembris,
600 2602 641 2639 in
660 2601 807 2651 quibus
827 2601 1093 2639 nominantur
1108 2599 1304 2638 Geraldus
1320 2598 1368 2636 de
1388 2597 1632 2643 VentedorO,
1647 2595 1774 2643 miles,

80 2769 176 2802 tons,
202 2775 271 2796 arn
298 2763 342 2796 de
366 2762 504 2807 Tulle);
528 2763 563 2796 J.
589 2763 629 2796 Β.
657 2762 881 2801 Poulbriere,
904 2760 1195 2794 Dictionnaiaee...
1222 2759 1280 2791 des
1302 2758 1483 2801 paroisses
1506 2757 1712 2790 diudiocese
1734 2756 1778 2788 de

80 2816 193 2856 Tulle,
222 2822 248 2849 t.
274 2828 312 2856 11,
339 2827 374 2859 p.
403 2816 488 2849 511-
492 2816 572 2849 512.
601 2815 650 2848 Le
677 2817 762 2859 pere
790 2815 833 2847 de
861 2814 1030 2847 Clement
1055 2812 1107 2845 VI
1134 2811 1239 2844 avait
1265 2810 1392 2854 aequis
1419 2810 1454 2843 la
1479 2809 1682 2852 seigneurie
1710 2808 1772 2841 des

81 2868 227 2902 Rosiers
243 2881 289 2902 en
302 2869 407 2902 1333.
422 2888 471 2892 —
483 2868 597 2902 Marie
613 2869 656 2901 de
672 2868 879 2906 Chambon,
896 2878 967 2910 que
982 2866 1053 2899 cite
1068 2865 1217 2903 Baluze,
1232 2864 1340 2896 futla
1354 2874 1452 2896 mere
1468 2863 1510 2895 de
1527 2861 1699 2905 Gregoire
1716 2860 1772 2893 XI

84 2921 323 2965 (Poulbriere‚
344 2926 437 2961 uts„
457 2933 492 2965 p.
511 2922 578 2955 351
598 2927 636 2954 et
654 2922 722 2954 514
740 2927 778 2954 et
798 2920 951 2963 Deprez‚
971 2930 1005 2951 n.
1026 2918 1106 2957 649,
1126 2918 1206 2956 681,
1226 2916 1322 2960 684).

128 2975 160 3008 1.
190 2974 294 3008 Helie
322 2974 453 3007 devint
478 2976 620 3018 eveque
648 2975 691 3007 de
720 2974 870 3006 Padoue
897 2973 927 3005 16
949 2972 992 3004 28
1012 2970 1105 3004 avril
1132 2970 1238 3009 1371,
1266 2975 1304 3002 et
1329 2970 1470 3011 eveque
1499 2968 1542 3000 de
1570 2967 1716 3000 Casti-es
1743 2967 1775 2999 16

80 3028 125 3060 14
149 3028 352 3060 novembre
377 3028 470 3061 1373
499 3026 899 3070 (Ειὼ61,Ηι’6ναν,εΙιία
927 3031 952 3058 t.
978 3036 1002 3064 1,
1029 3035 1063 3067 p.
1090 3024 1160 3056 386
1184 3028 1222 3055 et
1246 3022 1333 3061 173,
1359 3021 1399 3054 L.
1426 3021 1470 3054 de
1497 3020 1647 3064 Lacger⁷
1674 3012 1780 3053 Etats

79 3080 372 3123 administratifs,
402 3092 437 3123 p.
466 3080 563 3123 325).
1073 3101 1076 3104 «
1357 3099 1360 3104 ·
