2083 3458
307 221 390 263 338
957 236 1110 262 NOTAE
1144 237 1204 262 AD
1238 236 1366 261 vlTAs
1858 219 2012 276 [1421]

308 319 498 358 dominus
518 319 567 358 de
589 319 848 367 Donzenaco,
869 327 910 358 et
931 320 1069 358 Helias
1090 320 1139 359 de
1159 319 1406 367 Ventedoro,
1428 319 1607 366 clericus,
1629 319 1754 357 frater
1773 319 1873 368 ejus.
1894 320 2011 357 Illum

307 387 448 418 autem
479 394 499 417 e
531 379 726 417 cathedra
759 379 962 417 Patavina
993 379 1203 417 transiisse
1234 379 1287 416 ad
1319 379 1575 417 Castrensem
1607 377 1700 416 hinc
1732 378 1848 417 facile
1881 379 2012 429 colligi

306 453 423 489 posse
444 438 610 476 videtur
631 438 742 488 quod
762 453 856 477 eum
877 446 1040 476 constat
1062 438 1290 477 Patavinae
1310 437 1566 488 praefectum
1585 437 1627 475 in
1647 437 1773 475 initiis
1794 437 2009 487 pontifica-

306 506 372 536 tus
400 497 584 547 ejusdem
611 497 806 547 Gregorii,
835 511 1074 547 quanquam
1101 498 1150 536 de
1176 511 1285 535 anno
1312 512 1394 536 non
1420 497 1564 547 liquet,
1592 497 1708 546 eique
1735 511 1817 541 uno
1842 504 2010 535 tantum

305 571 413 595 anno
439 556 676 607 praefuisse,
703 564 752 594 ut
777 565 839 595 est
865 557 977 607 apud
1004 557 1223 607 Ughellum
1251 555 1296 606 [t.
1326 571 1364 604 V,
1393 556 1467 595 col.
1496 554 1601 605 450]‚
1632 555 1859 594 Patavinae
1888 571 2009 607 porro

307 616 509 655 Ecclesiae
532 616 679 655 datum
709 630 794 655 esse
817 616 1054 667 episcopum
1086 616 1383 666 Raymundum
1406 616 1627 666 quemdam
1658 615 1823 653 natione
1847 615 2009 655 Gallum

305 690 412 713 anno
437 675 758 714 MCCCLXXIV
775 675 804 723 1,
830 690 876 714 eo
900 675 989 726 ipso
1014 675 1207 715 nimirum
1232 683 1415 726 tempore
1441 689 1521 725 quo
1545 674 1681 713 Helias
1700 674 1748 712 de
1766 674 2008 714 Donzenaco

303 734 436 773 evasit
455 734 668 785 episcopus
689 734 927 774 Castrensis.
951 735 1068 783 Quod
1087 743 1228 774 autem
1248 734 1462 785 Gregorius
1482 734 1597 772 illum
1617 733 1770 784 generis
1790 733 2008 773 nobilitate

302 793 564 845 perspicuum
583 808 667 832 esse
686 793 757 842 ait,
777 794 934 832 nullam
952 794 1080 832 habet
1098 794 1394 833 obscuritatem
1412 808 1543 843 neque
1562 793 1860 832 difficultatem.
1882 793 2006 831 Ortus

304 853 455 904 quippe
484 861 573 892 erat
603 867 654 892 ex
682 852 810 891 nobili
839 861 881 892 et
909 853 1081 903 antiqua
1111 854 1224 904 apud
1253 852 1488 892 Lemovices
1519 860 1637 902 gente
1668 852 2004 892 Ventedornensi.

305 913 422 961 Quod
443 912 499 950 sic
520 911 763 951 ostenditur.
788 913 891 951 Eblo
911 912 1029 951 istius
1051 912 1370 963 nuncupationis
1392 911 1589 962 septimus
1612 911 1836 950 vicecomes
1858 912 2006 951 Vente—

302 971 512 1011 dornensis
540 971 671 1010 filium
694 972 842 1010 habuit
868 972 1069 1011 Eblonem
1094 973 1143 1010 de
1168 972 1401 1010 Ventedoro
1427 971 1680 1010 matrimonii
1703 970 1867 1009 vinculo
1890 971 2005 1021 junc-

302 1039 392 1069 tum
410 1045 518 1069 anno
537 1031 717 1070 MCCXC
738 1046 832 1070 cum
850 1031 1139 1080 Gallienafilia
1151 1031 1314 1070 Geraldi
1333 1031 1381 1070 de
1395 1031 1636 1069 Malamorte
1654 1029 1669 1052 ²
1681 1029 1836 1068 domini
1850 1030 2001 1069 Donze-

301 1090 391 1129 naci
408 1090 548 1141 oppidi
563 1090 831 1129 Lemovicum
844 1090 952 1129 inter
965 1090 1134 1129 Brivam
1149 1099 1189 1129 et
1207 1091 1414 1129 Usercam.
1433 1091 1519 1140 Ego
1536 1090 1687 1140 quippe
1704 1090 1779 1129 hoc
1795 1089 1989 1132 matrimo

299 1150 412 1188 nium
430 1149 559 1188 refero
577 1150 630 1188 ad
649 1149 792 1198 filium,
810 1165 893 1189 non
908 1165 1005 1188 vero
1023 1151 1075 1188 ad
1092 1158 1267 1201 patrem,
1284 1158 1331 1188 ut
1348 1149 1416 1187 alii
1433 1150 1573 1189 fecere.
1595 1150 1657 1186 Ex
1673 1163 1719 1187 eo
1737 1149 2002 1188 matrimono—

300 1209 378 1248 orti
394 1217 492 1247 sunt
510 1209 722 1257 Geraldus⁷
743 1209 881 1248 Helias
899 1209 1112 1260 episcopus
1131 1209 1369 1256 Castrensis,
1388 1209 1627 1247 Guillelmus
1645 1208 1822 1248 decanus
1840 1222 2001 1247 monas-

299 1268 391 1308 terii
409 1269 458 1307 de
478 1268 752 1319 Rivopetroso
769 1268 812 1307 in
832 1268 1048 1317 Ruthenis‚
1064 1269 1210 1307 deinde
1228 1283 1325 1307 vero
1344 1268 1471 1306 abbas
1489 1267 1628 1306 Sancti
1647 1267 1845 1305 Martialis
1859 1268 2000 1306 Lemo—

299 1327 485 1375 vicensis‚
505 1336 546 1366 et
563 1328 746 1366 Blancha
764 1336 896 1379 nupta
913 1328 1123 1367 Bernardo
1142 1328 1192 1367 de
1211 1327 1456 1367 Combornio
1484 1327 1650 1366 domino
1676 1327 1932 1365 Bellimontis
1960 1335 2001 1366 et

299 1387 591 1426 Chambolivae
620 1387 689 1437 qui
717 1387 942 1426 vicecomes
972 1402 1135 1438 quoque
1164 1386 1475 1426 Combornensis
1503 1386 1583 1424 fuit
1609 1394 1704 1436 post
1733 1385 2000 1424 Eustachiam

300 1446 427 1484 filiam
456 1446 593 1485 fratris
622 1446 685 1484 sui
715 1446 926 1487 Guidonis.
959 1447 1156 1485 Geraldus
1188 1446 1293 1485 filius
1326 1446 1493 1485 Eblonis
1524 1454 1564 1484 et
1594 1445 1801 1484 Gallienae
1830 1460 2000 1484 uxorem

297 1505 445 1544 habuit
474 1506 702 1556 Supernam
723 1506 994 1553 Albuconiae;
1015 1521 1065 1545 ex
1087 1520 1216 1556 eoque
1237 1505 1503 1553 matrimonio
1527 1513 1639 1543 ortae
1661 1513 1758 1542 sunt
1781 1504 1999 1543 Catherina

297 1572 429 1615 nupta
462 1579 570 1603 anno
607 1565 921 1604 MCCCXXXII
958 1565 1136 1604 Guidoni
1170 1565 1220 1604 de
1255 1564 1484 1603 Albuconio
1508 1564 1674 1602 domino
1710 1564 1758 1602 de
1781 1564 1930 1612 Borna,
1959 1572 1999 1603 et

297 1624 481 1662 Galliena
522 1638 626 1674 quae
667 1624 860 1663 sexennio
905 1632 1000 1675 post
1051 1624 1361 1662 matrimonium
1410 1623 1616 1662 contraxit
1661 1638 1753 1661 cuni
1793 1623 1908 1662 Helia
1950 1624 1999 1662 de

296 1684 498 1722 Chanaco.
535 1683 731 1732 Ejusdem
772 1698 934 1734 quoque
968 1683 1133 1723 Geraldi
1168 1683 1295 1721 filium
1331 1683 1454 1722 fuisse
1486 1683 1602 1721 facile
1634 1682 1872 1721 crediderim
1904 1683 1998 1722 Ber·

295 1743 470 1780 nardum
488 1742 537 1781 de
558 1742 802 1781 Donzenaco
822 1743 999 1781 occisum
1017 1743 1058 1781 in
1078 1743 1337 1781 celeberrima
1362 1743 1430 1780 illa
1450 1756 1587 1792 pugna
1607 1756 1711 1792 quae
1729 1742 1840 1780 haud
1859 1743 1998 1792 procul

295 1802 563 1851 Augustorito
586 1801 802 1840 Pictonum
823 1810 1007 1852 pugnata
1028 1810 1089 1841 est.
1108 1816 1216 1841 anno
1237 1802 1473 1840 MCCCLVI
1493 1802 1700 1852 sepultum
1721 1802 1831 1851 apud
1851 1801 1997 1840 fratres

295 1860 469 1899 Minores
490 1860 531 1899 in
557 1875 602 1899 ea
623 1861 723 1899 urbe
745 1869 793 1899 ut
813 1861 962 1911 legitur
982 1861 1022 1899 in
1046 1861 1278 1900 Annalibus
1299 1861 1545 1911 Aquitaniae
1569 1861 1621 1911 [p.
1646 1860 1759 1911 203}

346 1920 459 1959 Circa
484 1934 639 1959 annum
663 1920 941 1959 MCCCXLIV
966 1920 1069 1959 obiit
1093 1921 1204 1971 apud
1228 1920 1485 1959 Avenionem
1509 1920 1640 1971 prima
1665 1935 1768 1958 uxor
1792 1919 1996 1958 Guillelmi

297 1978 456 2017 comitis
481 1979 715 2027 Bellifortis,
742 1987 807 2018 tot
831 1980 1053 2018 liberorum
1078 1987 1223 2027 mater,
1253 1987 1294 2018 et
1319 1980 1478 2030 sepulta
1506 1987 1567 2018 est
1591 1979 1632 2017 in
1663 1979 1829 2018 ecclesia
1860 1980 1996 2018 cathe-

294 2038 396 2076 drali
412 2038 564 2076 Beatae
584 2038 734 2077 Mariae
753 2039 802 2077 de
821 2039 947 2077 Donis
965 2039 1008 2077 in
1026 2039 1180 2089 capella
1198 2038 1353 2077 domini
1372 2038 1531 2077 comitis
1548 2038 1782 2086 Bellisortis,
1801 2046 1848 2076 ut
1877 2038 1997 2077 docet

294 2097 508 2147 Gregorius
526 2097 587 2135 XI
602 2098 644 2135 in
659 2112 731 2136 suo
747 2106 1012 2137 testamento.
1027 2098 1132 2136 Tum
1146 2113 1242 2137 vero
1259 2098 1497 2137 Guillelmus
1513 2097 1712 2147 cogitavit
1736 2098 1784 2136 de
1808 2097 1995 2136 secundis

292 2156 461 2207 nuptiis,
481 2165 522 2196 et
537 2171 645 2195 anno
662 2157 916 2196 MCCCXLV
936 2157 1056 2195 duxit
1074 2157 1269 2196 Garinam
1287 2158 1335 2196 de
1355 2156 1586 2201 Canilhaco,
1608 2157 1734 2195 filiam
1749 2164 1791 2195 et
1805 2157 1995 2196 heredem

291 2216 564 2255 universalem
584 2216 804 2266 Marquesii
823 2217 977 2255 domini
998 2217 1046 2255 de
1066 2216 1299 2265 Cathaco,
1322 2216 1515 2255 dioecesis
1536 2216 1802 2264 Mimatensis,
1829 2224 1996 2267 neptem

291 2289 386 2313 vero
409 2275 648 2325 Raymundi
668 2276 717 2314 de
737 2275 957 2315 Canilhaco
978 2276 1207 2316 cardinalis.
1231 2276 1294 2314 Ex
1314 2290 1360 2315 ea
1380 2275 1548 2314 sustulit
1568 2275 1846 2326 Marquesium
1867 2275 1994 2313 domi-

289 2348 389 2372 num
416 2335 464 2373 de
492 2335 711 2373 Canilhaco
738 2343 898 2383 natum,
925 2343 973 2373 ut
998 2335 1188 2384 arbitror,
1215 2349 1324 2374 anno
1351 2335 1689 2382 MCCCXLVIII,
1716 2349 1854 2373 mense
1878 2334 1993 2384 julio,

289 2401 330 2431 et
364 2394 570 2432 -Joannam
605 2402 748 2432 natam
781 2409 890 2433 anno
924 2394 1134 2442 MCCCLI,
1169 2408 1294 2445 quam
1329 2395 1509 2433 Joannes
1546 2409 1617 2432 rex
1660 2394 1907 2432 Francorum
1945 2393 1993 2432 de

290 2467 403 2491 sacro
445 2453 559 2494 fonte
601 2453 793 2504 suscepit.
1849 2467 1851 2470 ⁴

343 2512 494 2550 Garina
522 2520 687 2551 mortua
715 2521 777 2551 est
805 2512 910 2551 circa
937 2527 1093 2551 annum
1121 2513 1374 2560 MCCCLIX,
1404 2527 1484 2563 quo
1512 2512 1667 2563 reperio
1698 2512 1994 2562 Raymundum

290 2571 537 2609 cardinalem
568 2571 690 2610 fuisse
721 2572 1037 2621 gubernatorem
1067 2571 1382 2622 marquesiatus‚
1412 2580 1629 2619 terrarum,
1659 2579 1700 2610 et
1729 2570 1992 2610 baroniarum

290 2631 499 2679 quondam
523 2630 732 2681 magnifici
758 2631 912 2671 domini
939 2631 1158 2681 Marquesii
1183 2631 1338 2670 domini
1368 2631 1417 2669 de
1443 2630 1675 2678 Canilhaco,
1702 2629 1884 2681 germani
1916 2629 1991 2677 sui,

289 2689 551 2728 Guillelmum
572 2705 668 2728 vero
691 2690 884 2730 comitem
903 2690 1125 2729 Bellifortis
1146 2698 1187 2729 et
1208 2690 1493 2729 vicecomitem
1515 2690 1651 2728 Motae
1672 2689 1810 2728 vocari
1830 2696 1992 2740 patrem

288 2756 328 2785 ct
353 2748 581 2798 legitimum
607 2749 985 2788 administratorem
1012 2749 1231 2799 Marquesii
1259 2749 1330 2787 filii
1356 2749 1417 2787 sui
1442 2749 1685 2799 nepotisque
1712 2748 1811 2786 dicti
1837 2747 1991 2786 domini

289 2807 504 2846 cardinalis
530 2808 771 2859 heredisque
796 2808 1038 2847 universalis
1065 2808 1164 2846 dicti
1191 2809 1401 2859 quondam
1427 2807 1582 2847 domini
1608 2808 1657 2846 de
1683 2807 1902 2846 Canilhaco
1923 2806 1990 2845 avi

288 2866 348 2903 sui
378 2866 566 2905 materni.

341 2925 439 2962 Post
476 2925 705 2963 extinctam
744 2926 953 2974 Garinam,
993 2926 1233 2965 Guillelmus
1271 2926 1358 2976 ejus
1397 2925 1569 2964 maritus
1608 2924 1784 2964 ambivit
1822 2923 1988 2975 nuptias

338 3056 364 3088 1.
390 3056 438 3088 Le
462 3057 505 3089 23
526 3057 673 3100 janvier
694 3058 787 3092 1374
812 3057 958 3100 (Eubel,
982 3063 1020 3090 ut
1039 3069 1080 3098 s.‚
1104 3069 1138 3101 p.
1162 3057 1259 3101 386).

335 3109 363 3141 2.
394 3108 577 3152 Beugnot,
601 3110 721 3151 Olim„
745 3117 771 3144 t.
793 3123 830 3151 11,
853 3122 888 3154 p.
912 3111 992 3145 962.
