2083 3458
301 153 355 195 64
953 172 1106 197 NOTAE
1139 172 1199 196 AD
1234 170 1363 196 VITAs
1508 142 1517 148 .
1888 153 2015 209 [596]

303 269 463 292 numero
500 254 639 293 iterum
675 255 879 305 confiteri?
909 256 943 293 ei
977 255 1167 293 interfuit
1192 253 1526 303 sententiamque
1556 253 1761 304 prompsit
1797 268 1890 292 cum
1925 253 2013 292 aliis

303 313 428 352 frater
463 314 582 364 Hugo
617 315 665 352 de
697 315 900 364 Byliomo,
926 314 1077 353 ordinis
1126 314 1303 352 fratrum
1336 313 1686 352 Praedicatorum.
1726 314 1833 351 Eum
1866 313 2014 352 deinde

303 373 495 411 Nicolaus
527 374 594 421 IV,
623 388 731 412 anno
760 374 1154 421 MCCLXXXVIII,
1183 373 1280 412 fecit
1306 373 1596 424 presbyterum
1624 373 1875 411 cardinalem
1901 373 2014 411 tituli

303 432 340 470 S.
359 433 546 472 Sabinae.
568 433 674 472 Hinc
690 448 797 471 anno
821 434 1063 472 MCCXCIV
1079 434 1131 471 ad
1154 433 1440 484 episcopatum
1463 432 1695 472 Ostiensem
1717 440 1884 471 evectus
1907 440 1969 470 est
1991 446 2013 470 a

303 492 530 530 Caelestino
550 493 597 537 V,
624 492 693 542 qui
721 492 755 531 ei
783 494 835 530 ad
860 493 1092 543 perferenda
1119 507 1238 530 onera
1258 507 1357 543 quae
1383 492 1655 530 cardinalatus
1683 491 1861 541 dignitas
1878 491 2014 541 exigit,

300 551 427 589 literis
456 552 564 590 datis
593 567 662 589 vm
690 553 769 591 kal.
800 552 1034 590 novembris
1063 566 1171 590 anno
1198 551 1331 603 primo
1370 551 1434 602 [25
1463 552 1630 590 octobre
1659 551 1785 602 1294]
1815 551 2016 590 concessit

302 611 624 661 quadringentas
642 612 829 650 marchas
848 612 1136 661 sterlingorum
1153 611 1318 650 nomine
1334 611 1541 662 pensionis
1559 611 1842 662 percipiendas
1859 625 2014 649 annua-

301 669 376 707 tim
420 685 541 720 super
584 671 854 721 proventibus
899 680 938 709 et
983 671 1213 710 redditibus
1257 670 1602 709 monasteriorum
1646 670 1788 709 Sancti
1831 670 2016 709 Medardi

301 729 614 777 Suessionensis,
632 731 772 768 Sancti
787 730 958 769 Vedasti
975 730 1276 778 Atrebatensis,
1293 731 1418 769 Casae
1435 730 1510 769 Dei
1527 730 1571 768 in
1590 730 1766 769 dioecesi
1780 730 2015 768 Claromon-

300 788 406 826 tensi
425 797 466 827 et
486 789 739 828 Fiscanensis
770 790 812 829 in
831 791 1157 840 Rothomagensi
1175 791 1202 829 1.
1222 791 1375 829 Verum
1394 790 1490 840 quia
1517 790 1580 827 vir
1607 790 1740 828 bonus
1768 798 1809 828 et
1827 789 2014 841 simplex,

300 856 466 886 sanctus
490 849 655 899 quidem
679 850 747 887 sed
771 850 813 887 in
834 850 1056 899 agibilibus
1078 850 1138 887 nil
1157 858 1351 900 expertus,
1373 858 1420 887 ut
1449 849 1492 888 in
1513 865 1545 889 c.
1569 849 1770 900 Quoniam
1798 850 1847 888 de
1867 864 2014 888 renun-

299 907 391 947 tiat.
406 908 448 946 in
464 908 577 946 Sexto
594 909 653 946 ait
669 909 851 948 Joannes
869 910 1071 957 Andreae,
1087 910 1129 947 id
1147 918 1221 957 est,
1237 924 1385 960 parum
1402 917 1476 948 aut
1492 909 1661 948 minime
1678 917 1801 960 aptus
1816 909 1869 947 ad
1885 909 2015 947 admi-

299 967 561 1005 nistrandum
583 968 800 1019 imperium
824 970 1126 1019 gerendamque
1148 984 1234 1008 rem
1256 969 1480 1020 publicam,
1503 977 1544 1007 et
1566 977 1613 1006 ut
1635 969 1759 1020 paulo
1782 968 2015 1007 duriuscule

298 1026 497 1076 scriptum
519 1035 580 1065 est
599 1027 640 1065 in
662 1028 793 1078 primo
815 1029 989 1067 consilio
1012 1029 1175 1067 Jasonis
1198 1029 1246 1067 de
1268 1029 1420 1078 Mayno
1453 1028 1495 1079 [f.
1517 1029 1541 1066 4
1560 1028 1637 1079 r0],
1660 1028 1729 1079 qui
1750 1028 1953 1079 accepisse
1974 1043 2016 1067 se
2074 1074 2077 1080 ,

299 1085 358 1123 ait
385 1100 434 1124 ex
460 1087 620 1125 Joanne
640 1088 842 1135 Andreae,
860 1096 941 1126 erat
966 1104 1092 1126 unum
1116 1103 1248 1139 pecus,
1269 1089 1384 1127 brevi
1407 1097 1593 1139 tempore
1611 1102 1796 1127 mansere
1820 1103 1925 1138 quae
1948 1088 2015 1126 ille

299 1146 590 1193 constituerat3
624 1147 733 1196 quia,
765 1156 813 1185 ut
842 1148 952 1186 idem
984 1148 1166 1187 Joannes
1197 1156 1303 1187 teste
1336 1149 1487 1186 Jasone
1518 1148 1591 1196 ait,
1624 1148 1669 1186 de
1700 1162 1816 1186 mane
1843 1147 2015 1198 faciebat

299 1205 480 1253 gratiam,
501 1214 534 1243 et
552 1207 597 1244 de
614 1221 698 1244 sero
716 1207 931 1257 miserebat,
952 1216 986 1245 et
1003 1208 1078 1246 alii
1096 1208 1328 1257 conferebat.
1354 1208 1481 1255 Idem,
1501 1216 1549 1245 ut
1575 1207 1617 1245 in
1643 1222 1732 1258 cap.
1755 1207 1885 1258 Super
1902 1222 1944 1245 eo
1964 1207 2015 1245 de

297 1264 511 1303 haereticis
533 1265 576 1303 in
599 1266 713 1304 Sexto
737 1267 857 1305 docet
881 1268 1061 1306 Joannes
1086 1268 1292 1316 Monachi,
1308 1268 1452 1305 multas
1475 1267 1672 1315 abbatias,
1696 1267 1965 1318 episcopatus,
1981 1275 2015 1305 et

296 1324 518 1373 superiores
555 1325 769 1375 dignitates
799 1327 964 1365 contulit
998 1327 1085 1365 sine
1120 1327 1291 1377 fratrum
1327 1327 1507 1374 consilio,
1539 1341 1586 1365 ac
1622 1335 1841 1378 propterea
1879 1326 2016 1366 dictae
2061 1332 2062 1335 ’

298 1383 535 1422 collationes
553 1393 736 1424 cassatae
754 1385 922 1424 fuerunt
937 1401 960 1424 a
975 1386 1191 1425 Bonifacio
1204 1387 1324 1434 VIII,
1338 1386 1425 1437 ejus
1442 1401 1671 1425 successore
1685 1386 1711 1434 ²,
1727 1386 1838 1436 quod
1853 1394 2012 1425 tamen-

297 1443 374 1480 etsi
403 1451 607 1482 testatum
637 1445 764 1483 faciat
795 1446 975 1484 Joannes
1007 1447 1212 1494 Monachi,
1244 1447 1314 1497 qui
1344 1446 1555 1485 consultus
1587 1446 1667 1484 fuit
1695 1446 1738 1484 in
1767 1447 1845 1485 hac
1875 1460 2012 1495 causa,

298 1502 357 1539 ait
389 1503 570 1542 ,Joannes
601 1504 790 1545 Andreae
821 1520 860 1544 se
893 1506 1111 1545 difficulter
1139 1507 1299 1545 credere
1330 1506 1471 1545 fecisse
1500 1505 1775 1554 Bonifacium,
1800 1505 1877 1544 nisi
1907 1505 2015 1544 forte

297 1561 402 1600 circa
426 1577 508 1601 non
533 1564 761 1614 expeditas,
782 1565 824 1603 id
849 1574 924 1613 est,
948 1579 1124 1616 quarum
1147 1566 1293 1606 literae
1317 1566 1452 1604 adhuc
1476 1573 1594 1604 erant
1616 1565 1659 1604 in
1683 1564 1937 1604 cancellaria.
1959 1566 2013 1603 Et

295 1628 437 1660 tamen
465 1622 574 1661 idem
606 1624 787 1662 Joannes
815 1624 857 1663 in
887 1639 976 1676 cap.
1007 1640 1077 1673 v11,
1103 1625 1317 1676 Quoniam,
1346 1626 1394 1664 de
1424 1640 1601 1664 concess.
1626 1625 1783 1676 praeb.‚
1812 1625 1855 1664 in
1884 1625 2013 1673 Secuto,

296 1681 472 1719 adnotat
496 1683 605 1721 hunc
628 1683 890 1723 Bonifacium
914 1700 1127 1724 revocasse
1152 1685 1279 1724 etiam
1303 1700 1354 1724 ex
1376 1685 1693 1724 rationabilibus
1719 1684 1850 1723 causis
1875 1684 2012 1723 omnia

294 1740 507 1791 privilegia
523 1743 575 1780 ab
589 1743 679 1793 ipso
697 1744 926 1782 Caelestino
942 1759 1133 1783 concessa
1149 1760 1254 1795 quae
1270 1759 1343 1796 per
1355 1745 1493 1796 ipsum
1504 1744 1765 1783 Bonifacium
1780 1745 2012 1795 approbata

295 1813 378 1838 non
409 1809 563 1849 essent3
597 1802 781 1853 citatque
811 1803 854 1842 in
885 1818 976 1842 eam
1005 1819 1091 1843 rem
1124 1805 1295 1843 Joannis
1329 1805 1459 1842 XXII
1491 1803 1834 1843 constitutionem
1865 1804 2013 1843 Sancta

295 1859 491 1908 Romana,
512 1861 562 1899 de
581 1862 693 1912 relig.
716 1863 921 1911 domibus,
942 1864 1012 1902 ubi
1035 1864 1165 1904 haec
1155 1879 1244 1915 ipsa
1277 1864 1404 1903 verba
1430 1864 1635 1914 leguntur.
1655 1863 1757 1902 Vide
1778 1863 1904 1902 etiam
1924 1863 2014 1901 bul-

294 1918 377 1956 lam
390 1892 594 1960 Bonifacii
609 1921 714 1959 VIII
733 1923 844 1973 apud
861 1896 1084 1962 Odoricum
1101 1924 1381 1974 Raynaldum,
1396 1938 1462 1963 an.
1478 1923 1593 1971 1341,
1613 1923 1629 1972 ἓ
1647 1923 1711 1963 84.
1730 1923 1940 1989 Quidquid
1958 1922 2012 1961 sit

296 1977 344 2016 de
359 1979 436 2017 hac
457 1980 712 2029 quaestione,
728 1991 893 2020 constat
907 1983 1063 2021 bonum
1082 1983 1199 2021 illum
1218 1998 1372 2034 papam
1393 1996 1490 2022 suae
1504 1983 1562 2021 illi
1583 1982 1846 2030 concessioni,
1866 1982 1909 2021 in
1930 1996 2013 2032 qua

294 2038 406 2076 nulla
436 2039 594 2078 consilii
623 2055 896 2080 consensusve
927 2042 1198 2081 cardinalium
1228 2043 1383 2082 mentio
1413 2050 1544 2091 extat,
1575 2042 1746 2081 modum
1775 2014 2012 2080 adhibuisse

294 2105 390 2135 ante
420 2112 602 2137 mensem
632 2109 839 2149 exactum,
871 2116 964 2140 cum
1004 2111 1162 2141 certum
1192 2103 1245 2141 sit
1285 2117 1378 2141 eum
1407 2102 1647 2153 pensionem
1674 2102 1787 2140 illam
1818 2101 2012 2152 quadrin-

295 2165 512 2206 gentarum
530 2160 791 2198 marcharum
809 2162 1018 2200 reduxisse
1042 2163 1094 2200 ad
1125 2163 1323 2201 ducentas
1341 2161 1468 2200 literis
1495 2161 1602 2199 datis
1622 2176 1665 2199 XI
1685 2162 1764 2200 kal.
1785 2160 2010 2200 decembris

295 2215 478 2265 ejusdem
495 2218 605 2257 anni.
625 2219 836 2258 Habemus
854 2221 961 2259 enim
979 2235 1117 2260 omnes
1133 2221 1222 2260 illas
1237 2222 1376 2260 literas
1393 2235 1491 2272 prae
1507 2221 1696 2259 manibus
1710 2220 1970 2259 authenticas
1980 2219 2010 2259 3.

306 2275 368 2325 [11
391 2277 614 2316 novembre
638 2278 778 2330 1294.]

349 2334 391 2372 Ρ.
412 2335 473 2383 19,
490 2336 557 2386 lig.
577 2337 638 2376 15.
660 2338 925 2378 IMPERATOR.
946 2340 1074 2378 Henri
1089 2340 1171 2378 VII
1189 2348 1305 2379 entra
1322 2340 1659 2379 solennellement
1676 2341 1698 2377 a
1716 2339 1861 2387 Rome,
1879 2353 1954 2389 par
1969 2339 2009 2376 la

294 2401 412 2443 porte
437 2395 491 2433 du
515 2396 681 2447 Peuple,
703 2398 738 2436 le
762 2398 783 2436 7
806 2399 889 2437 mai
912 2399 1013 2437 1312
1039 2400 1244 2449 (Bohmer,
1267 2400 1434 2449 Regesta
1458 2399 1640 2449 Imperii,
1661 2406 1691 2437 t.
1715 2413 1784 2446 vn,
1806 2413 1846 2449 p.
1870 2398 1946 2437 300
1968 2406 2009 2436 et

296 2451 437 2501 Finke,
463 2455 564 2493 Acta
586 2457 882 2506 Aragonensia,
908 2466 938 2496 t.
963 2473 990 2506 1,
1015 2473 1055 2509 p.
1082 2459 1284 2509 304,305).
1310 2459 1341 2497 Il
1364 2474 1392 2508 y
1411 2458 1514 2497 etait
1538 2457 1631 2508 deja
1654 2458 1690 2496 le
1715 2457 1738 2495 6
1776 2458 2010 2508 (Schwalm,

295 2511 618 2562 Constitutiones,
640 2524 670 2554 t.
692 2531 735 2554 1v
753 2517 780 2565 2,
802 2531 841 2555 n.
864 2517 941 2556 803
962 2526 1003 2556 et
1025 2518 1168 2566 Finke,
1190 2534 1252 2569 op.
1276 2519 1354 2565 cit,
1369 2526 1398 2556 t.
1420 2533 1446 2566 1,
1469 2533 1508 2568 p.
1530 2517 1637 2567 302).
1657 2518 1688 2555 Il
1709 2517 1812 2555 etait
1829 2517 1939 2568 parti
1960 2516 2009 2555 de

296 2570 386 2609 Pise
402 2572 436 2610 le
453 2573 502 2630 23
517 2574 621 2611 avril
639 2575 798 2624 (Finke,
817 2585 858 2614 ut
870 2592 917 2625 s.,
934 2585 963 2615 t.
980 2592 1007 2625 1,
1023 2592 1063 2628 p.
1079 2578 1155 2616 302
1172 2586 1212 2616 et
1227 2578 1334 2627 304).

350 2722 374 2751 l.
397 2722 433 2753 13.
456 2722 512 2761 N„
532 2735 598 2756 ms.
618 2724 755 2757 Baluzc
773 2724 855 2765 383,
874 2738 908 2758 n.
930 2727 1099 2760 111-116.

345 2775 374 2806 2.
399 2774 448 2807 Le
470 2776 488 2808 7
511 2776 633 2818 juillet
655 2779 761 2818 1341,
784 2779 920 2812 Benoit
942 2778 1021 2812 XII
1044 2780 1188 2813 vidima
1209 2781 1244 2813 la
1265 2781 1365 2814 bulle
1388 2781 1432 2814 de
1454 2779 1646 2819 Boniface,
1671 2781 1721 2813 du
1743 2782 1762 2814 8
1785 2779 1880 2812 avril
1904 2781 2008 2823 1295,

294 2828 481 2922 aDnnulgnt
494 2830 543 2861 les
560 2831 762 2864 donations
779 2833 822 2865 de
839 2832 1001 2866 Celestin
1015 2833 1047 2866 V
1065 2833 1200 2877 (Vidal,
1216 2846 1251 2867 n.
1268 2835 1390 2874 9092).
1408 2835 1460 2867 La
1475 2833 1575 2867 bulle
1590 2833 1634 2865 de
1648 2834 1828 2867 Boniface
1842 2840 1899 2866 est
1914 2835 2007 2869 dans

332 2892 409 2913 1011
466 2893 500 2913 11.
519 2884 600 2915 770.

369 2934 433 2967 .]].
455 2935 497 2966 N.
506 2962 511 2971 ,
531 2948 596 2969 nis.
616 2937 765 2977 Baluze,
783 2937 867 2979 383,
885 2951 920 2972 n.
939 2940 1007 2972 117
1026 2946 1063 2973 et
1080 2941 1160 2990 118.
1178 2960 1226 2963 —
1242 2940 1291 2974 Le
1310 2939 1349 2974 P.
1377 2941 1615 2974 Mandonnet
1631 2953 1651 2974 a
1671 2941 1812 2985 signale
1825 2943 1911 2984 cinq
1929 2953 2009 2975 ma-

294 2987 564 3021 nus‹1·itssl⁷un
578 2989 842 3024 Cotrectorz'um
854 2994 1073 3036 corruptorii
1087 2984 1205 3027 sancti
1224 2994 1394 3028 Thomae.
1410 2994 1576 3038 Incipit:
1597 2994 1796 3029 Sciendum
1815 3002 1866 3031 est
1893 2995 2011 3039 igitur

296 3037 427 3079 (limae
444 3042 672 3076 clfssciences
688 3045 994 3089 philosophiques,
1013 3052 1040 3079 t.
1060 3059 1108 3079 vu
1129 3047 1263 3090 (1913),
1281 3059 1316 3091 p.
1334 3047 1408 3091 56).
