2083 3458
285 200 368 241 350
935 217 1087 242 NOTAE
1121 218 1182 243 AD
1216 218 1344 244 vlTAs
1866 205 1994 261 [841]

286 300 396 347 cesis,
419 300 546 338 doctor
564 300 669 350 juris
689 300 888 339 solemnis.
911 301 992 338 Hic
1012 316 1081 351 per
1102 302 1226 339 multa
1246 309 1420 352 tempora
1438 302 1518 352 suit
1537 304 1695 342 auditor
1708 303 1818 354 palat
1829 303 1858 341 ii
1880 318 1995 356 apos-

287 359 406 406 tolici,
429 367 463 397 et
485 359 575 397 inde
597 359 641 397 in
661 360 1004 410 archiepiscopum
1025 360 1365 399 Ravennatensem
1385 371 1598 412 promotus,
1622 372 1656 401 et
1677 376 1799 401 comes
1823 364 1995 402 Roman-

287 418 387 456 diole
407 433 431 456 a
453 418 548 457 Sede
568 419 785 469 apostolica
817 419 1063 467 constitutus,
1087 419 1130 457 in
1151 420 1295 470 quibus
1313 435 1381 470 per
1398 421 1516 471 longa
1534 430 1707 473 tempora
1725 437 1764 460 se
1781 422 1996 472 prudentia

288 477 596 527 incomparabili
633 478 751 528 gessit
784 486 819 516 et
855 478 945 516 inde
979 493 1048 529 per
1083 479 1290 517 dominum
1328 480 1552 519 Johannem
1586 497 1737 532 papam
1770 482 1912 520 XXII
1945 483 1997 520 ad

285 536 557 586 episcopatum
586 537 867 583 Carnotensem
895 539 1124 586 translatus,
1156 539 1198 576 in
1229 547 1387 589 utroque
1417 540 1591 579 videlicet
1618 541 1825 592 spirituali
1848 550 1882 579 et
1905 549 1994 580 tem.-

285 595 428 645 porali,
449 610 600 634 summe
619 611 659 634 se
679 596 830 636 habuit.
852 597 1071 635 Ecclesiam
1091 597 1371 636 Carnotensem
1390 599 1432 636 X
1452 599 1572 637 annis
1593 600 1691 638 remit
1708 600 1994 648 strenuissime,

285 662 319 692 et
358 654 449 693 inde
486 670 593 693 anno
628 656 797 694 Domini
837 656 1046 694 millesimo
1078 656 1315 695 CCCXLII
1351 658 1430 707 fuit
1465 659 1594 708 jactus
1633 659 1851 697 cardinalis
1889 659 1995 698 tituli

287 713 424 752 Sancti
454 715 631 753 Martini
663 715 706 753 in
737 715 949 755 montibus.
983 715 1112 766 Cujus
1141 717 1309 755 scientia
1338 725 1373 755 et
1401 718 1643 768 experientia
1676 719 1718 756 in
1746 718 1847 768 jure,
1879 719 1995 757 rebus

289 772 449 821 bellicis,
477 781 511 811 et
536 774 736 812 mundiali
762 775 988 825 prudentia,
1016 775 1185 826 aliisque
1211 776 1423 815 virtutibus
1448 778 1647 828 exemplar
1666 786 1720 816 est
1746 778 1995 828 presentibus

285 840 319 870 et
355 832 517 882 suturis.

337 891 458 930 Anno
490 892 768 941 MCCCXLII,
802 894 986 932 Clemens
1018 894 1076 932 VI
1109 909 1203 933 eum
1236 895 1391 933 creavit
1422 896 1711 946 presbyterum
1744 895 1994 935 cardinalem

285 950 398 989 tituli
420 951 561 990 Sancti
582 952 750 990 Martini
769 952 813 991 in
833 953 1058 993 montibus.

341 1010 574 1061 Iterumwin
606 1011 710 1050 libro
746 1012 917 1050 Arnaldi
953 1013 1206 1051 Camerarii1
1241 1013 1456 1064 sequentia
1492 1014 1698 1052 habentur
1735 1030 1743 1052 :
1786 1014 1884 1052 Item
1919 1015 1993 1053 due

284 1068 406 1107 littere
445 1069 620 1120 ejusdem
659 1071 804 1109 tenoris
846 1071 953 1110 bulla
991 1072 1178 1122 plumbea
1220 1072 1361 1111 bullate
1400 1073 1639 1111 continentes
1678 1074 1993 1112 commissionem

283 1128 429 1177 jactam
450 1129 610 1167 domino
631 1130 840 1180 Aymerico
861 1131 968 1169 tituli
991 1132 1128 1170 Sancti
1150 1132 1326 1170 Martini
1360 1132 1403 1170 in
1425 1133 1624 1171 montibus
1657 1133 1854 1171 cardinali
1877 1133 1992 1172 Sedis

282 1188 494 1238 apostolice
527 1189 652 1239 legato
688 1190 731 1228 in
776 1205 895 1240 regno
930 1191 1068 1229 Sicilie
1101 1206 1170 1241 per
1204 1191 1410 1230 dominum
1451 1191 1687 1230 Clementem
1729 1207 1880 1243 papam
1933 1192 1993 1230 VI

284 1247 475 1286 destinato
506 1249 558 1286 ad
589 1249 861 1299 recipiendum
892 1250 1122 1300 homagium
1154 1250 1299 1300 ligium
1330 1259 1364 1289 et
1395 1252 1681 1301 vassallagium
1712 1267 1757 1289 ac
1790 1252 1993 1302 fidelitatis

280 1306 551 1355 juramentum
584 1323 608 1346 a
641 1308 800 1346 domino
833 1309 999 1348 Roberto
1033 1310 1171 1348 Sicilie
1203 1325 1302 1360 rege,
1339 1309 1382 1348 in
1416 1310 1559 1361 quibus
1592 1311 1711 1349 etiam
1744 1311 1992 1349 continentur

283 1366 555 1405 conventiones
582 1375 616 1405 et
641 1376 758 1418 pacta
784 1383 830 1407 ac
854 1369 983 1418 forma
1008 1369 1226 1419 juramenti
1253 1377 1287 1407 et
1313 1370 1432 1420 plura
1458 1370 1541 1407 alia
1569 1385 1639 1420 que
1675 1370 1818 1408 habent
1851 1370 1990 1420 facere,

282 1425 430 1473 jurare,
455 1434 490 1464 et
512 1435 684 1476 prestare
708 1442 814 1477 reges
840 1428 978 1466 Sicilie
1001 1428 1181 1466 Romano
1205 1428 1389 1479 pontifici
1406 1437 1446 1467 et
1469 1429 1641 1467 Ecclesie
1665 1430 1854 1477 Romane,
1876 1438 1992 1480 prout

283 1484 345 1522 liic
375 1485 566 1523 seriosius
597 1486 887 1537 exprimuntur.
917 1487 1069 1525 Datum
1100 1488 1301 1526 Avinione
1332 1488 1443 1525 XIV
1473 1488 1550 1527 kat.
1585 1489 1798 1526 decembris
1829 1489 1990 1539 pontisi-

284 1551 393 1581 catus
411 1544 476 1582 sui
495 1559 601 1582 anno
620 1546 750 1595 primo
772 1546 836 1597 [18
855 1547 1057 1585 novembre
1072 1546 1214 1598 1342}
1236 1548 1290 1585 Et
1309 1548 1432 1598 paulo
1452 1555 1547 1598 post
1568 1563 1575 1585 ε
1600 1548 1696 1586 Item
1710 1556 1804 1586 sunt
1819 1548 1990 1599 quinque

285 1602 550 1642 instrumenta
569 1605 732 1655 publica
754 1606 959 1655 tangentia
982 1606 1147 1656 qualiter
1170 1615 1319 1644 mortuo
1342 1607 1507 1644 Roberto
1530 1621 1616 1656 rege
1640 1607 1777 1645 Sicilie
1806 1607 1991 1646 dominus

283 1661 462 1700 Clemens
502 1663 562 1701 VI
595 1664 785 1714 apposuit
819 1665 1116 1714 gubernatorem
1149 1674 1184 1704 et
1217 1666 1576 1704 administratorem
1613 1666 1656 1704 in
1699 1681 1817 1716 regno
1853 1666 1990 1705 Sicilie

282 1720 457 1759 videlicet
488 1723 694 1761 dominum
725 1724 983 1773 Aymericum
1014 1725 1256 1769 cardinalem
1296 1726 1468 1774 legatum
1500 1726 1756 1774 antedictum,
1789 1726 1854 1764 cui
1887 1725 1991 1764 dedit

282 1788 506 1829 potestatem
523 1783 729 1820 revocandi
746 1798 879 1821 omnes
896 1784 1125 1822 donationes
1142 1792 1176 1822 et
1192 1785 1457 1822 concessiones
1473 1785 1598 1834 factas
1615 1793 1649 1823 et
1665 1785 1778 1823 datas
1797 1785 1839 1823 in
1856 1785 1988 1836 preju-

283 1839 432 1877 dicium
451 1841 622 1879 Ecclesie
640 1842 817 1880 Romane
834 1851 869 1881 et
884 1843 1152 1892 jurium'dicti
1170 1844 1282 1893 regni
1300 1858 1369 1894 per
1388 1844 1534 1882 dictum
1554 1844 1759 1882 dominum
1777 1844 1990 1882 Robertum

282 1906 316 1936 et
332 1899 535 1938 dominam
554 1901 795 1940 Johannam.
814 1902 865 1940 Et
879 1917 999 1953 super
1015 1903 1083 1940 hoc
1098 1903 1259 1952 fuerunt
1272 1903 1369 1953 facti
1386 1903 1500 1941 multi
1528 1918 1732 1953 processus
1757 1918 1826 1953 per
1842 1904 1990 1941 dictum

282 1957 454 2007 legatum
473 1959 548 1997 sub
567 1975 674 1998 anno
687 1961 855 1999 Domini
873 1961 1162 2010 MCCCXLV,
1182 1962 1439 2012 pontificatus
1459 1962 1590 2012 ipsius
1608 1963 1760 2000 domini
1778 1962 1990 2001 Clementis

282 2031 388 2054 anno
408 2027 555 2067 quarto.
580 2020 677 2057 Item
698 2021 861 2070 quedam
881 2029 1020 2071 patens
1039 2021 1166 2059 littera
1189 2022 1295 2059 bulla
1314 2036 1436 2059 aurea
1459 2022 1618 2069 bullata,
1640 2022 1815 2060 videlicet
1834 2022 1989 2060 domine

285 2076 468 2114 „Iohanne
505 2078 638 2127 regine
676 2079 826 2127 Sicilie,
866 2080 1069 2118 continens
1107 2080 1423 2118 commissionem
1459 2081 1604 2130 factam
1642 2081 1792 2131 prefato
1830 2081 1988 2119 domino

282 2135 491 2184 Aymerico
511 2138 708 2176 cardinali
728 2139 853 2188 legato
874 2139 917 2177 in
937 2154 1054 2189 regno
1077 2140 1214 2178 Sicilie
1233 2141 1285 2178 ad
1304 2140 1575 2190 recipiendum
1596 2140 1824 2189 homagium
1844 2140 1989 2190 ligium

281 2202 315 2231 et
340 2196 625 2245 vassallagium
649 2212 694 2235 ac
719 2198 921 2248 fidelitatis
942 2199 1213 2249 juramentum
1237 2214 1261 2237 a
1286 2199 1447 2237 domina
1475 2200 1662 2237 Johanna
1689 2199 1825 2237 Sicilie
1850 2199 1989 2249 regina

283 2254 441 2292 nornine
474 2256 625 2294 domini
658 2272 762 2307 pape
794 2265 828 2295 et
859 2258 1031 2296 Ecclesie
1063 2259 1251 2298 Romane.
1287 2258 1369 2309 Que
1402 2259 1537 2296 omnia
1569 2258 1659 2308 jecit
1691 2259 1793 2296 dicta
1827 2258 1988 2296 domina

285 2313 473 2356 Jolzanna
494 2323 528 2352 et
549 2316 718 2365 prestitit
738 2316 862 2355 eidem
884 2318 1008 2367 legato
1030 2326 1146 2368 prout
1169 2317 1211 2355 in
1235 2318 1310 2356 ista
1332 2318 1457 2355 littera
1480 2326 1514 2355 et
1537 2318 1579 2355 in
1601 2317 1739 2355 litteris
1761 2317 1988 2368 apostolicis

281 2371 343 2409 hic
371 2372 529 2411 insertis
554 2375 714 2424 plenius
741 2376 970 2415 continetur.
1000 2378 1144 2415 Actum
1172 2377 1344 2427 Neapoli
1373 2377 1416 2414 in
1443 2377 1678 2414 monasterio
1706 2377 1846 2415 Sancte
1873 2376 1987 2414 Clare

280 2445 387 2468 anno
409 2432 576 2471 Domini
603 2434 918 2484 MCCCXLIV,
946 2435 1007 2474 die
1034 2436 1171 2474 ultimo
1198 2436 1344 2474 mensis
1378 2436 1552 2485 augusti.
1590 2436 1691 2474 Vide
1718 2436 1844 2475 etiam
1871 2436 1986 2474 Sum·

282 2491 500 2539 montium,
526 2492 595 2531 lib.
628 2494 681 2532 IV
711 2495 756 2545 [t.
783 2510 839 2542 111,
866 2510 904 2545 p.
934 2495 1032 2546 358]
1061 2495 1168 2534 Hist.
1197 2495 1500 2546 Neapolitanae.

336 2550 515 2590 Rursum
534 2552 548 2574 2
585 2552 626 2590 in
667 2553 845 2593 Siciliam
875 2554 1045 2594 missum
1077 2570 1161 2593 esse
1192 2569 1300 2593 anno
1331 2554 1544 2593 millesimo
1577 2554 1829 2592 MCCCXLV
1864 2554 1986 2592 fidem

281 2607 439 2647 faciunt
469 2611 607 2650 variae
638 2612 834 2663 epistolae
867 2628 970 2663 quae
1002 2614 1209 2652 habentur
1237 2614 1278 2652 in
1309 2614 1472 2663 Regesto
1501 2612 1708 2664 pontificio
1736 2613 1842 2651 illius
1874 2613 1984 2652 anni.

284 2667 413 2706 Multa
443 2683 610 2719 passum
640 2686 723 2710 esse
754 2671 1019 2722 Aymericum
1047 2673 1088 2711 in
1117 2673 1320 2723 legatione
1349 2673 1417 2711 illa
1446 2680 1626 2711 testatur
1650 2673 1832 2710 Clemens
1862 2672 1918 2709 VI
1944 2671 1986 2709 in

331 2822 361 2854 l.
386 2822 424 2854 B.
452 2821 507 2862 N.‚
531 2834 597 2856 ms.
620 2824 714 2857 latin
735 2825 840 2865 5181,
862 2826 924 2859 fol.
948 2827 991 2859 73
1014 2826 1117 2859 v0-74
1138 2830 1181 2859 1¹⁰.

332 2874 361 2906 2.
382 2874 429 2907 Le
457 2876 623 2909 cardinal
650 2877 692 2910 de
717 2877 893 2912 Chfitclus
910 2891 955 2912 ne
972 2879 1098 2922 quitta
1114 2891 1179 2922 pas
1196 2878 1333 2912 l'Italie
1351 2879 1394 2911 dc
1412 2879 1505 2911 1342
1523 2878 1543 2910 ’ξι
1560 2878 1652 2911 1345
1673 2877 1776 2921 (Reg.
1794 2877 1880 2911 Vat.
1900 2877 1982 2916 139,

281 2938 336 2968 (Ἴ).
359 2928 429 2969 85).
454 2927 554 2961 Nous
574 2931 777 2972 possedons
796 2943 847 2964 un
865 2932 1018 2975 registro
1038 2933 1101 2965 des
1120 2939 1220 2965 actes
1241 2932 1284 2965 de
1303 2943 1370 2964 son
1389 2930 1696 2964 administration
1715 2930 1778 2974 qui
1796 2930 1856 2964 sut
1873 2930 1965 2964 effec

287 2979 370 3018 trive,
396 2981 487 3013 dans
509 2982 543 3013 la
567 2983 778 3017 Collectoria
798 2984 879 3024 279,
903 2997 978 3018 aux
999 2985 1179 3019 Archives
1202 2984 1415 3018 Vaticancs.
1440 2984 1489 3016 Le
1512 2983 1666 3027 registre
1688 2983 1904 3027 d’Avignon
1925 2983 1982 3023 48,

282 3032 422 3065 2'01.411
446 3034 567 3067 r0—429
585 3040 626 3075 1·0‚
640 3036 822 3070 renferme
843 3039 893 3071 les
909 3039 1038 3072 lettres
1055 3039 1098 3071 de
1112 3038 1282 3072 Clement
1297 3037 1349 3070 VI
1369 3036 1544 3070 relatives
1565 3038 1585 3069 ἐι
1598 3048 1639 3070 sa
1658 3036 1823 3079 legation
1838 3037 1930 3070 dans
1951 3037 1982 3069 le

282 3096 460 3127 royaume
485 3087 527 3119 de
555 3088 701 3131 Naples.
