2083 3458
121 223 272 278 [1104]
640 240 854 265 PAPARUM
891 242 1273 268 AVENIONENSIUM
1719 230 1799 273 627

109 322 233 360 etiam
259 322 489 360 auditorem
515 323 615 362 sacri
643 324 786 374 palatii
804 324 830 369 ¹,
859 332 899 362 et
926 325 1105 374 Gregorii
1134 325 1194 362 XI
1221 325 1550 365 referendarium.
1582 328 1639 366 De
1665 330 1798 378 patria

110 381 195 430 eJ'us
220 381 275 419 sic
298 381 445 431 legitur
467 381 509 418 in
533 381 785 432 depositione
810 384 1013 422 Guillelmi
1038 384 1085 421 de
1102 384 1250 424 Vouta.
1275 385 1452 435 episcopi
1478 386 1733 425 Massiliensis
1757 397 1798 427 et

112 440 317 479 Valentini
351 456 359 478 ε
398 440 494 478 Item
525 441 643 478 etiam
674 442 871 479 consuluit
903 443 1107 480 dominum
1139 443 1378 481 cardinalem
1411 444 1546 482 Sancti
1579 446 1797 495 Eustachii,

111 499 177 549 qui
202 507 256 537 est
282 500 326 537 de
353 499 433 537 illis
460 500 640 549 partibus
666 501 809 550 quibus
836 501 917 548 istc,
945 509 978 539 et
1003 501 1128 551 aliqui
1155 503 1439 551 consanguinei
1466 503 1557 542 dicti
1584 505 1798 544 cardinalis

110 558 250 596 habent
281 558 544 608 possessiones
578 559 621 596 in
653 559 830 597 districtu
863 561 1244 609 consanguineorum
1277 561 1369 599 dicti
1400 562 1586 612 episcnp1.

161 617 279 655 Anno
299 617 592 665 MCCCLXXI,
613 617 675 656 die
695 627 810 656 sexta
827 619 931 668 junii
949 619 976 666 2,
995 620 1101 657 idem
1122 620 1336 670 Gregorius
1356 635 1449 660 eum
1468 621 1562 660 fecit
1581 622 1797 661 diaconum

112 676 355 715 cardinalem
390 676 501 714 tituli
536 677 674 715 Sancti
710 678 932 716 Eustachii.

165 735 319 773 Eodem
349 749 456 772 anno
485 736 698 785 Gregorius
733 737 792 774 XI
822 737 857 775 ei
886 745 927 774 et
957 737 1171 776 Guillelmo
1203 738 1374 776 Noelleti
1405 739 1575 778 diacono
1605 741 1798 779 cardinali

112 795 222 832 tituli
246 794 384 833 Sancti
408 795 549 844 Angeli
572 796 787 832 mandavit
810 804 857 833 ut
879 796 965 834 vice
989 810 1059 833 sua
1083 796 1312 835 inhiberent
1335 812 1382 835 ne
1407 798 1495 847 quis
1518 798 1559 836 in
1582 799 1798 849 provinciis

111 853 402 892 Tarraconensi
437 861 478 892 et
515 854 892 903 Caesaraugustana
929 855 1090 893 doceret
1128 856 1326 904 quasdam
1363 857 1657 907 propositiones
1695 859 1796 897 circa

111 920 413 952 sacramentum
436 913 703 951 eucharistiae
733 927 836 962 quae
856 915 978 964 paulo
1004 922 1098 952 ante
1126 915 1383 964 praedicatae
1404 915 1565 954 fuerant
1591 917 1632 954 in
1655 917 1797 956 iisdem

111 972 328 1022 provinciis
366 986 437 1022 per
476 972 675 1021 quosdam
714 973 929 1022 religiosos.
971 973 1088 1020 Quod
1125 973 1181 1010 illi
1220 974 1512 1022 praestiterunt
1550 975 1612 1014 die
1651 985 1797 1014 octava

111 1031 273 1081 augusti
294 1030 478 1080 ejusdem
499 1031 609 1078 anni,
631 1031 722 1069 vide
747 1032 957 1069 Nicolaum
982 1032 1183 1080 Eymerici
1203 1033 1244 1070 in
1263 1033 1476 1071 Directorio
1500 1034 1796 1084 Inquisitorum,

111 1105 150 1140 p.
173 1090 235 1137 44,
259 1098 299 1128 et
321 1090 610 1139 Waddingum‚
634 1105 699 1129 an.
726 1091 837 1135 1371,
866 1090 883 1139 §
907 1089 955 1128 16
987 1090 1032 1140 [t.
1056 1105 1137 1138 vm,
1160 1105 1198 1141 p.
1223 1091 1321 1141 240]
1345 1100 1385 1129 et
1406 1106 1464 1142 sq.

163 1148 281 1187 Anno
306 1149 639 1197 MCCCLXXIV,
666 1150 727 1187 die
752 1151 871 1187 lunae
898 1164 967 1187 xv1
991 1150 1180 1199 januarii,
1205 1158 1252 1188 ut
1276 1151 1519 1189 adnotatum
1545 1160 1606 1190 est
1629 1152 1671 1190 in
1694 1154 1797 1191 anti-

112 1208 200 1258 quis
229 1208 498 1247 decisionibus
529 1209 658 1246 Rotae
686 1222 892 1255 romanae,
920 1209 1202 1259 pronuntiatio
1240 1210 1348 1247 facta
1377 1210 1454 1248 fuit
1480 1225 1550 1260 per
1587 1211 1796 1249 dominum

112 1268 279 1306 Petrum
316 1267 537 1315 Flandrini‚
573 1268 820 1307 cardinalem
854 1268 965 1306 tituli
1001 1268 1139 1306 Sancti
1176 1268 1398 1312 Eustachii,
1435 1284 1484 1307 ex
1519 1271 1797 1309 commissione

110 1327 185 1364 sibi
215 1326 323 1365 facta
352 1342 423 1377 per
450 1341 599 1377 papam
631 1327 869 1376 Gregorium
900 1327 960 1364 XI
990 1327 1191 1365 Avenioni
1219 1336 1452 1365 executores
1482 1329 1683 1377 quoslibet
1712 1344 1796 1379 gra-

94 1386 260 1423 .tiarum
284 1400 354 1436 per
379 1386 522 1424 Sedem
546 1387 813 1436 apostolicam
839 1386 1059 1436 deputatos
1084 1400 1165 1424 non
1187 1400 1303 1436 posse
1328 1387 1375 1424 de
1398 1387 1485 1436 jure
1509 1388 1722 1437 procedere
1746 1389 1796 1426 ad

111 1445 392 1483 executionem
422 1459 561 1484 eorum
592 1459 694 1495 quae
724 1446 766 1482 in
795 1445 1076 1484 commissione
1106 1459 1271 1484 suarum
1300 1445 1509 1485 literarum
1539 1447 1798 1485 continentur

111 1504 238 1542 donec
270 1518 362 1542 suas
396 1505 620 1555 receperint
651 1505 801 1542 literas.

165 1564 236 1602 Die
260 1564 403 1614 quinta
427 1564 523 1601 maii
545 1564 725 1613 ejusdem
750 1564 846 1601 anni
868 1563 973 1601 idem
999 1563 1212 1613 Gregorius
1235 1563 1342 1601 hunc
1364 1564 1530 1603 Petrum
1552 1565 1794 1603 cardinalem

112 1622 251 1661 Sancti
282 1623 493 1661 Eustachii
522 1623 753 1662 nominavit
781 1622 888 1661 inter
923 1630 1158 1661 executores
1197 1623 1257 1660 sui
1287 1624 1543 1669 testamenti3
1575 1624 1666 1661 vide
1697 1632 1725 1662 t.
1759 1639 1795 1661 VI

111 1681 319 1732 Spicilegii
353 1682 609 1730 Dacheriani‚
640 1697 679 1732 p.
714 1681 802 1721 688.

164 1741 320 1780 Eodem
348 1755 455 1779 anno
484 1741 592 1781 idem
620 1755 728 1792 papa
758 1755 851 1779 eum
882 1740 976 1779 fecit
1006 1741 1203 1779 vicarium
1233 1740 1487 1789 generalem3
1515 1741 1555 1778 in
1587 1741 1796 1785 Hetruria;

111 1800 252 1847 Bzov.‚
299 1814 365 1839 an.
420 1800 533 1848 1374,
587 1801 603 1849 S
645 1800 680 1839 9.
728 1800 900 1838 Videtur
950 1808 1090 1838 autem
1122 1800 1285 1838 rediisse
1329 1800 1380 1837 ad
1428 1815 1520 1838 eum
1576 1800 1652 1838 fine
1703 1801 1797 1838 anni

111 1859 466 1907 MCCCLXXVII‚
494 1874 574 1909 quo
602 1860 699 1897 data
726 1867 787 1897 est
813 1859 995 1909 ejusdem
1024 1859 1203 1908 Gregorii
1229 1859 1399 1909 epistola
1426 1859 1476 1896 ad
1506 1860 1669 1897 Petrum
1697 1860 1797 1909 epis·

111 1932 258 1969 copum
274 1918 616 1968 Magalonensem‚
633 1918 933 1957 thesaurarium
949 1932 1080 1964 suum,
1098 1918 1138 1955 in
1154 1932 1232 1967 qua
1255 1918 1501 1957 mentionem
1530 1918 1627 1956 facit
1648 1919 1797 1956 adven-

110 1985 175 2015 tus
205 1977 420 2016 cardinalis
450 1978 588 2016 Sancti
618 1978 828 2016 Eustachii
857 1977 908 2014 ad
937 1977 1102 2015 curiam.
1135 1977 1273 2014 Falsus
1302 1976 1394 2014 est4
1419 1991 1511 2026 ergo
1540 1977 1799 2015 vehementer

109 2044 252 2075 auctor
273 2036 474 2075 Secundae
494 2037 593 2075 vitae
621 2036 796 2086 Gregorii
818 2037 897 2077 XI,
914 2051 953 2086 p.
977 2036 1064 2083 442,
1081 2036 1256 2074 scribens
1278 2036 1384 2073 hunc
1407 2036 1650 2073 cardinalem
1672 2050 1797 2073 rema-

110 2096 234 2134 nsisse
255 2096 455 2134 Avenioni
475 2111 521 2135 eo
540 2104 723 2147 tempore
740 2110 820 2146 quo
837 2096 1049 2145 Gregorius
1066 2095 1271 2145 profectus
1286 2103 1347 2132 est
1364 2095 1550 2142 Romam,
1571 2095 1639 2132 sed
1659 2103 1796 2132 tamen

110 2162 251 2205 postea
270 2169 363 2193 eum
381 2163 567 2193 secutum
587 2155 707 2193 fuisse
726 2155 767 2193 in
790 2155 964 2193 Italiam.
988 2154 1226 2204 Radulphus
1247 2167 1407 2203 quoque
1427 2154 1475 2191 de
1496 2154 1613 2200 Rivo,
1633 2167 1718 2203 cap.
1741 2168 1794 2190 ΧΗ

119 2213 172 2264 [p.
202 2213 275 2263 29]
301 2215 359 2251 De
396 2215 512 2263 gestis
546 2215 819 2264 episcoporum
845 2213 1134 2259 Leodiensium,
1163 2213 1369 2250 videretur
1403 2226 1553 2250 errasse
1590 2226 1796 2250 recensens

110 2273 332 2311 cardinales
357 2274 426 2323 qui
449 2288 542 2312 cum
566 2274 757 2323 Gregorio
781 2274 946 2311 fuerunt
972 2273 1124 2309 Romae
1148 2280 1189 2309 et
1211 2286 1276 2309 eos
1301 2271 1368 2320 qui
1392 2279 1672 2310 remanserunt
1695 2272 1796 2308 Ave-

110 2332 242 2380 nione,
259 2332 346 2372 ,nisi
371 2333 710 2383 interpretatione
737 2332 1016 2381 adjuvaretur.
1048 2331 1213 2368 Petrum
1241 2330 1389 2380 quippe
1417 2330 1662 2368 cardinalem
1687 2329 1797 2367 tituli

109 2391 248 2430 Sancti
273 2392 485 2430 Eustachii
509 2392 695 2430 nominat
719 2392 760 2428 in
783 2391 913 2441 primo
939 2390 1088 2428 ordine.
1116 2390 1281 2427 Certum
1304 2397 1364 2426 est
1388 2403 1482 2426 sane
1505 2389 1619 2427 illum
1644 2388 1796 2425 Romae

112 2450 232 2488 fuisse
255 2464 348 2488 cum
371 2465 491 2501 papa.
517 2451 594 2489 Sed
618 2464 744 2500 aeque
769 2458 922 2488 cei-tum
947 2457 1009 2487 est
1030 2449 1144 2487 illum
1168 2462 1249 2485 non
1272 2448 1391 2485 fuisse
1415 2447 1524 2497 apud
1548 2447 1797 2485 Avenionem

108 2523 153 2547 ea
176 2517 424 2560 tempestate
449 2523 528 2559 qua
554 2510 769 2559 Gregorius
793 2510 993 2558 ingressus
1018 2515 1079 2545 est
1102 2507 1177 2544 iter
1203 2507 1447 2553 Romanum,
1472 2506 1653 2555 adeoque
1676 2505 1797 2544 comi-

155 2629 186 2661 1.
211 2628 241 2661 Il
261 2628 419 2672 supplea
438 2628 469 2661 le.
492 2628 678 2661 Camerier
698 2628 854 2660 Arnaud
875 2628 1032 2665 Aubert,
1050 2626 1183 2658 absent
1205 2624 1297 2657 dela
1319 2625 1428 2663 curie,
1446 2625 1508 2667 qui
1530 2624 1682 2657 residait
1703 2623 1798 2657 alors

105 2682 126 2713 a
150 2681 445 2714 Montefiascone
475 2681 614 2724 (1378);
640 2681 675 2714 J.
705 2682 945 2717 Fostemann,
973 2680 1096 2712 Novae
1130 2678 1400 2711 constitutiones
1424 2678 1631 2710 audientiae
1662 2682 1799 2710 contra-

105 2735 296 2774 dictarum,
320 2734 482 2778 Leipzig,
506 2735 610 2774 1897,
635 2746 669 2778 p.
695 2735 815 2767 14:16.

156 2788 186 2821 2.
217 2787 322 2820 Lisez
339 2787 370 2819 le
389 2788 434 2820 30
452 2788 538 2820 maj.

154 2841 186 2874 3.
210 2840 267 2872 En
284 2841 389 2880 1372,
412 2840 533 2873 Pierre
554 2840 732 2872 Flandrin
751 2839 904 2882 negocia
923 2850 993 2870 unc
1013 2837 1167 2870 alliance
1186 2843 1289 2869 entre
1310 2835 1481 2878 Gregoire
1502 2835 1558 2868 XI
1577 2841 1615 2867 et
1636 2835 1800 2878 Enguer-

105 2905 172 2926 ran
195 2893 239 2926 de
263 2893 388 2936 Cone>7
404 2900 531 2926 contre
555 2893 605 2926 les
628 2893 796 2926 Visconti
816 2892 876 2935 (H.
900 2890 1071 2929 Lacaffle,
1093 2890 1312 2932 Enguerran
1334 2889 1374 2921 de
1396 2888 1517 2931 Coucy
1538 2899 1587 2921 au
1607 2889 1737 2921 service
1759 2889 1800 2921 de

111 2946 279 2989 Gregoire
301 2946 374 2985 XI,
401 2946 493 2978 dans
517 2945 891 2979 Annuaire-Bullelin
917 2945 957 2977 de
980 2944 1015 2976 la
1039 2943 1172 2975 Socie'le
1196 2943 1236 2974 de
1258 2942 1431 2974 l'histoire
1454 2941 1494 2974 de
1517 2941 1666 2980 France,
1694 2941 1796 2980 1895,

105 3011 128 3042 p
151 3052 183 3086 4.
213 2999 352 3085 Baluz)e
373 3063 394 3084 a
413 3058 491 3085 tort
510 3052 553 3085 de
573 3051 782 3085 contredire
802 3051 832 3083 le
852 3049 1112 3092 chroniqueur.
1136 3047 1256 3080 Pierre
1278 3046 1455 3079 Flandrin
1473 3058 1517 3079 ne
1537 3046 1619 3079 vint
1638 3047 1658 3078 a
1679 3046 1796 3079 Rome

104 3105 217 3148 qu’en
238 3105 312 3138 mai
334 3105 426 3139 1377
451 3104 499 3148 (J.
524 3104 563 3138 P.
588 3105 734 3144 Kirsch‚
754 3104 825 3137 Die
844 3102 1040 3140 Rstckkehr,
1063 3112 1097 3144 p.
1121 3100 1303 3142 234-235.)
