2083 3458
262 189 315 229 74
913 202 1065 227 NOTAE
1099 201 1160 226 AD
1195 200 1324 225 vrrAS
1850 183 1974 239 [603]

261 296 402 327 autem
439 287 548 326 idem
595 286 784 336 Cangius,
833 286 932 323 dum
968 300 1006 336 p.
1057 284 1134 323 249
1181 283 1323 322 scribit
1354 284 1616 323 Theodorum
1661 298 1770 323 anno
1810 291 1977 322 tantum

261 347 443 386 MCCCX
465 346 601 386 iniisse
626 345 925 397 possessionem
950 343 1261 382 marchionatus
1286 343 1598 383 Montisferrati.

314 407 357 445 P.
381 406 443 454 26,
464 406 530 456 lig.
553 405 614 444 25.
639 406 789 443 F1L1AM
812 405 988 451 OBIZINI,
1011 403 1296 453 Argentinam,
1317 402 1379 440 uti
1399 411 1574 441 vocatur
1594 403 1721 442 etiam
1739 403 1783 441 in
1803 417 1979 443 conven-

260 466 442 504 tionibus
463 465 576 503 initis
598 479 706 502 anno
730 463 952 502 MCCCVII
972 463 1080 501 inter
1098 462 1299 500 Karolum
1317 462 1371 510 II,
1392 477 1529 513 regem
1545 462 1715 511 Siciliae,
1731 459 1775 501 ⁴et
1791 463 1978 501 Genuen-

261 540 334 564 ses.
354 525 457 564 Vide
475 524 688 575 Cangium,
709 523 869 570 ibidem,
887 538 926 573 p.
946 522 1034 560 249.

313 585 357 623 P.
382 584 445 632 26,
467 584 533 635 lig.
558 583 620 622 26.
646 583 918 621 CAPITANEUS
943 581 1088 619 JANUE
1121 595 1205 619 non
1237 581 1360 629 solus,
1383 582 1453 620 sed
1475 581 1645 632 primus.
1671 581 1838 620 Etenim
1871 580 1979 632 capi-

258 652 405 682 taneus
429 658 592 694 quoque
615 657 708 680 cum
731 656 777 680 eo
800 649 889 680 erat
909 641 1123 679 Barnabos
1144 641 1193 679 de
1216 640 1358 688 Auria,
1380 649 1428 678 ut
1447 641 1598 679 docent
1612 641 1782 679 eaedem
1802 655 1979 680 conven-

259 703 404 742 tiones.
428 702 531 741 Vide
554 701 817 740 Albertinum
832 701 1080 747 Mussatum,
1102 700 1173 739 lib.
1190 700 1239 747 V,
1263 714 1352 750 cap.
1372 715 1384 737 1
1408 699 1637 750 [Muratori.
1656 708 1687 739 t.
1713 717 1754 748 x,
1772 701 1846 739 col.
1870 699 1979 750 4ΟΟ],

256 763 315 800 De
338 762 455 812 gestis
476 761 645 799 Hem-ici
676 760 777 808 VII,
805 760 1065 811 imperatoris.
1094 759 1235 798 Abbas
1262 774 1359 798 vero
1382 759 1485 808 <sive
1511 759 1780 811 magistratus
1808 768 1882 798 aut
1908 759 1979 798 tri-

259 822 393 862 bunus
420 820 550 872 plebis
574 821 698 858 homo
719 819 917 870 plebeius,
941 827 989 857 ut
1028 818 1171 857 scribit
1202 818 1441 857 Albertinus
1474 819 1684 858 Mussatus
1715 819 1845 859 initio
1886 819 1979 857 libri

260 881 395 931 quinti
417 880 489 931 [ut
509 895 613 930 sup.,
646 880 719 918 col.
747 879 854 929 399]‚
880 879 939 917 De
964 878 1081 928 gestis
1106 878 1238 916 Henri
1266 878 1367 926 VII,
1394 878 1658 929 imperatoris,
1682 879 1748 917 vel
1772 879 1979 927 secularis,

258 949 306 978 ut
342 939 537 990 Aegidius
567 939 810 986 Bellamera,
853 938 895 976 in
929 952 1017 989 cap.
1051 938 1096 977 Si
1133 938 1330 987 diligenti,
1371 938 1419 977 de
1459 938 1547 977 foro
1587 938 1857 989 competenti)
1891 946 1980 977 erat

257 1008 348 1037 tum
369 999 561 1038 Nicolaus
587 998 775 1037 Frambe.

311 1060 354 1098 P.
377 1058 439 1106 26,
455 1058 520 1108 lig.
538 1058 600 1097 31.
619 1058 918 1096 PRINCIPATUM
943 1057 1141 1095 ACHAYE.
1160 1057 1219 1095 Ut
1232 1057 1345 1095 locus
1364 1057 1456 1105 iste,
1477 1057 1547 1107 qui
1570 1057 1709 1108 aliqua
1725 1057 1979 1097 obscuritate

256 1118 432 1165 laborat,
462 1117 634 1167 intelligi
663 1116 822 1155 facilius
850 1116 996 1167 possit,
1026 1117 1333 1155 observandum
1363 1125 1425 1155 est
1451 1116 1705 1155 Balduinum
1738 1117 1778 1155 ΙΙ
1806 1117 1979 1168 imperio

257 1176 720 1228 Constantinopolitano
736 1175 960 1227 spoliatum
975 1190 998 1214 a
1012 1176 1209 1215 Michaele
1223 1176 1467 1226 Palaeologo
1481 1176 1711 1226 confugisse
1725 1176 1768 1214 in
1784 1176 1977 1225 Siciliam,

256 1245 298 1276 ct
316 1237 624 1287 demum,anno
644 1236 929 1283 MCCLXVII,
950 1235 1014 1274 die
1033 1250 1153 1274 xxvn
1172 1235 1284 1283 maii,
1301 1235 1444 1274 foedus
1466 1236 1578 1286 apud
1593 1236 1827 1275 Viterbium
1841 1236 1978 1275 iniisse

257 1311 350 1335 cum
376 1296 528 1334 Karolo
555 1296 585 1343 I,
607 1310 699 1345 rege
717 1295 890 1343 Siciliae,
912 1295 1040 1333 istum
1062 1310 1159 1334 vero
1179 1295 1411 1346 pollicitum
1429 1310 1514 1334 esse
1537 1310 1577 1334 se
1594 1295 1629 1334 ei
1649 1295 1861 1346 suppetias
1880 1310 1978 1334 ven-

255 1364 397 1393 turum
427 1369 520 1393 cum
548 1354 707 1405 magnis
737 1354 900 1393 auxiliis
929 1354 1145 1393 hominum
1174 1363 1445 1403 armatorum,
1476 1363 1517 1393 et
1546 1354 1756 1393 facturum
1784 1355 1979 1406 ampliter

255 1423 446 1466 sumptus
474 1414 517 1453 in
545 1415 654 1455 hunc
683 1414 923 1453 exercitum.
955 1415 1061 1452 Tum
1087 1413 1332 1461 Balduinus,
1361 1423 1409 1452 ut
1439 1428 1564 1464 quam
1594 1414 1851 1465 gratissimus
1881 1429 1975 1465 erga

258 1474 458 1513 Karolum
483 1482 809 1524 cognosceretur,
834 1473 956 1512 simul
979 1482 1027 1511 ut
1051 1473 1086 1513 ei
1110 1473 1248 1524 aliquo
1270 1474 1394 1512 modo
1414 1473 1628 1512 resarciret
1647 1482 1862 1525 sumptum
1885 1474 1977 1512 infi-

254 1533 391 1572 nitum
414 1541 455 1572 et
478 1547 675 1583 magnum
698 1533 883 1572 laborem
907 1547 1030 1584 quem
1052 1533 1340 1584 insumpturus
1364 1541 1471 1571 esset
1493 1533 1533 1571 in
1559 1533 1760 1584 suppetiis
1783 1534 1976 1582 ferendis,

254 1593 311 1631 illi
345 1593 646 1643 heredibusque
682 1592 769 1642 ejus
804 1592 848 1632 in
881 1607 1005 1643 regno
1034 1592 1194 1631 Siciliae
1231 1592 1476 1631 successuris
1509 1592 1553 1634 in
1586 1601 1835 1644 perpetuum
1861 1593 1977 1632 dedit

253 1652 534 1703 principatum
559 1652 739 1690 Achaiae
762 1660 803 1691 et
822 1652 983 1691 Moreae
1010 1667 1104 1691 cum
1124 1651 1315 1690 omnibus
1332 1651 1493 1702 juribus
1513 1652 1810 1703 imperialibus,
1835 1652 1876 1691 id
1899 1661 1975 1701 est,

254 1726 463 1750 summum
478 1712 520 1749 in
537 1725 628 1750 eam
644 1711 883 1762 imperium;
902 1711 1084 1750 dominio
1102 1720 1144 1750 et
1159 1711 1414 1762 possessione
1431 1711 1543 1750 feudi
1559 1720 1799 1751 remanente
1817 1726 1976 1763 semper

253 1786 377 1822 penes
392 1771 620 1822 principem
638 1771 833 1819 Achaiae,
850 1771 921 1821 qui
940 1771 1042 1809 illud
1065 1771 1256 1822 deinceps
1278 1771 1354 1809 sub
1375 1770 1568 1821 homagio
1590 1779 1750 1810 teneret
1770 1786 1793 1810 a
1811 1771 1975 1822 regibus

255 1830 427 1878 Siciliae,
449 1831 511 1868 uti
532 1831 585 1868 ad
607 1831 713 1869 hanc
734 1845 864 1881 usque
887 1830 995 1869 diem
1017 1845 1062 1869 eo
1084 1831 1208 1869 modo
1223 1838 1416 1869 tenuerat
1437 1831 1489 1868 ab
1510 1830 1759 1881 imperatore
1775 1831 1975 1870 Constan-

255 1890 545 1941 tinopolitano.
579 1890 685 1928 Tum
717 1898 889 1941 pactum
922 1898 1176 1935 conventum
1208 1898 1270 1928 est
1300 1890 1408 1929 inter
1440 1904 1506 1928 eos
1538 1898 1586 1927 ut
1619 1890 1833 1941 Philippus
1867 1890 1974 1929 filius

253 1949 446 1988 Balduini
465 1950 634 1988 duceret
650 1949 690 1987 in
704 1964 876 1988 uxorem
892 1949 1124 1988 Beatricem
1139 1949 1267 1987 filiam
1282 1949 1439 1997 Karoli,
1455 1964 1544 1987 cum
1562 1950 1716 1987 nubilis
1733 1950 1807 1988 erit
1818 1950 1973 1998 aetatis,

253 2022 406 2059 eaeque
428 2008 598 2059 nuptiae
621 2022 729 2047 anno
747 2009 914 2047 demum
930 2009 1231 2047 MCCLXXIII
1247 2009 1475 2047 celebratae
1491 2008 1672 2048 fuerunt.
1691 2009 1850 2048 Eadem
1870 2017 1972 2048 tem-

253 2076 429 2118 pestate,
473 2068 536 2106 uti
563 2068 694 2106 tradit
723 2068 903 2118 Angelus
935 2068 1217 2116 Constantius,
1257 2069 1430 2119 despota
1461 2068 1636 2116 Moreae,
1666 2068 1736 2119 qui
1763 2076 1855 2106 tum
1885 2077 1974 2107 erat

254 2127 494 2166 Guillelmus
519 2128 568 2166 de
584 2127 933 2175 Villa-Harduini,
958 2127 1108 2166 timens
1134 2127 1210 2166 sibi
1234 2142 1282 2166 ac
1306 2142 1379 2166 suo
1394 2127 1660 2179 principatui,
1675 2136 1724 2166 ut
1743 2128 1972 2167 subsidium

254 2195 469 2237 quaereret
501 2187 698 2225 adversus
730 2186 817 2225 vim
849 2195 1065 2228 externam
1096 2187 1370 2237 ingruentem,
1401 2186 1640 2238 Philippum
1675 2187 1818 2225 Karoli
1841 2187 1972 2225 filium

253 2247 432 2285 secundo
458 2245 644 2296 genitum
669 2246 867 2284 maritum
893 2246 981 2284 dari
998 2246 1181 2285 obtinuit
1199 2246 1396 2285 Isabellae
1424 2246 1530 2284 filiae
1550 2261 1645 2285 suae
1664 2260 1790 2297 quam
1806 2246 1972 2286 unicam

253 2305 448 2344 habebat.
481 2305 634 2344 Verum
666 2305 979 2344 matrimonium
1010 2305 1111 2344 illud
1143 2320 1227 2344 non
1258 2305 1357 2344 coiit
1389 2306 1439 2344 ob
1471 2305 1676 2344 infelicem
1708 2314 1749 2344 et
1780 2306 1972 2345 acerbam

253 2372 429 2403 mortem
447 2364 633 2414 ejusdem
651 2364 844 2416 Philippi.
864 2365 984 2403 Anno
1013 2365 1108 2404 dein
1126 2365 1384 2412 MCCXCIV,
1405 2364 1468 2403 die
1497 2379 1570 2403 xm
1593 2365 1773 2416 augusti,
1794 2365 1971 2404 Karolus

257 2423 310 2471 II,
331 2438 403 2462 rex
425 2423 597 2471 Siciliae,
630 2438 724 2462 eum
753 2424 1035 2475 principatum
1066 2424 1182 2463 dedit
1214 2424 1298 2462 filio
1333 2439 1405 2462 suo
1437 2424 1613 2475 principi
1641 2424 1878 2472 Tarentino,
1902 2424 1972 2474 qui

253 2482 416 2521 biennio
447 2491 543 2521 ante
573 2497 745 2521 uxorem
775 2484 952 2522 duxerat
986 2484 1239 2522 Ithamarem
1271 2483 1399 2521 filiam
1426 2483 1649 2534 Nicephori
1666 2483 1812 2533 Angeli
1843 2484 1970 2522 ducac

253 2541 448 2580 Conineni
472 2542 668 2592 despotae
691 2542 805 2593 Epiri
828 2543 978 2581 veteris
1003 2542 1087 2581 sive
1105 2542 1346 2590 Romaniae,
1368 2551 1409 2581 et
1431 2542 1473 2580 in
1489 2543 1629 2581 dotem
1644 2550 1861 2593 acceperat
1882 2543 1971 2593 plu-

252 2600 374 2638 rimas
401 2600 575 2650 regionis
601 2601 707 2639 illius
734 2601 983 2652 provincias,
1010 2602 1064 2639 ad
1092 2615 1193 2652 quas
1220 2601 1297 2639 sibi
1323 2601 1524 2652 uxorique
1551 2602 1790 2640 asserendas
1817 2601 1971 2640 bellum

251 2660 467 2698 transtulit
496 2660 539 2699 in
564 2660 790 2699 Graeciam.
824 2661 885 2699 Ea
915 2676 988 2712 per
1019 2675 1195 2700 errorem
1221 2661 1397 2698 Tomara
1428 2668 1604 2699 vocatur
1633 2660 1676 2699 in
1706 2660 1837 2699 veteri
1866 2660 1971 2699 libro

251 2718 407 2757 archivi
429 2718 528 2768 regii
551 2719 815 2770 Neapolitani
837 2720 950 2771 apud
972 2720 1295 2768 Summontium,
1317 2719 1387 2758 lib.
1416 2720 1484 2768 IV,
1508 2727 1538 2758 t.
1561 2734 1617 2768 111,
1639 2734 1680 2770 p.
1706 2719 1795 2767 148,
1817 2720 1888 2758 ubi
1909 2719 1969 2758 ita

251 2776 450 2827 scriptum
485 2786 546 2816 est
582 2794 589 2815 :
625 2779 828 2817 Berardus
862 2780 906 2817 de
941 2779 1084 2818 Sancto
1125 2778 1290 2828 Georgio
1324 2779 1476 2828 legatur
1509 2779 1561 2816 ad
1591 2786 1724 2829 partes
1747 2778 1969 2817 Romaniae

249 2850 339 2873 curn
368 2845 552 2886 potestate
582 2838 768 2887 capiendi
800 2838 842 2875 in
873 2853 1032 2876 uxorem
1060 2838 1251 2888 Philippi
1284 2837 1493 2875 Tarentini
1522 2837 1725 2888 principis
1757 2838 1969 2876 Tomaram

252 2894 380 2943 filiam
401 2895 553 2933 domini
575 2895 795 2947 Nigiphori
814 2897 961 2948 dispoti
983 2897 1145 2935 Comini
1164 2896 1277 2935 ducis
1298 2904 1333 2934 et
1352 2896 1539 2947 Aquinae
1559 2897 1604 2934 de
1630 2896 1763 2947 Spina
1788 2896 1968 2935 ducissae

250 2953 440 2991 Cominae
466 2954 553 3003 ejus
580 2955 775 3005 conjugis.
805 2956 870 2993 Ex
897 2970 977 3006 quo
1004 2956 1094 2994 loco
1122 2956 1351 3006 depravato
1380 2955 1632 3006 collegerunt
1659 2955 1968 2994 Sammarthani

251 3026 421 3050 uxorem
453 3012 672 3063 Nicephori
702 3014 825 3053 fuisse
856 3015 1066 3065 Aquinam
1097 3015 1303 3053 ducissam
1334 3014 1541 3062 Cominae,
1564 3028 1690 3065 quam
1720 3028 1771 3053 ex
1794 3014 1966 3065 Georgio

252 3071 501 3120 Pachymere
518 3071 560 3109 in
575 3073 824 3121 Andronico,
840 3074 909 3112 lib.
932 3074 1009 3122 III,
1025 3088 1113 3124 cap.
1129 3088 1171 3112 1v
1196 3082 1238 3112 et
1260 3073 1329 3112 lib.
1347 3073 1396 3121 V,
1413 3087 1500 3124 cap.
1527 3088 1620 3111 xxx
1635 3074 1713 3124 [ed.
1731 3074 1786 3111 du
1809 3073 1967 3124 Corpus
