2083 3458
84 226 208 283 [931]
612 244 829 269 PAPARUM
865 244 1249 270 AVENIONENSIUM
1692 229 1773 269 447

77 328 94 377 ξ
115 328 177 375 41,
198 342 262 366 an.
287 328 401 375 1357,
429 328 445 377 ἓ
467 327 501 366 2.
526 329 648 366 Errat
669 330 933 367 vehementer
963 338 1106 367 auctor
1127 330 1330 367 Historiae
1356 329 1636 367 Universitatis
1656 326 1773 366 Pari-

68 386 228 434 siensis,
244 387 436 434 scribens,
453 395 482 425 t.
498 402 554 434 iv,
570 403 608 437 p.
626 388 715 431 320,
731 388 844 425 illum
861 389 913 425 ab
928 388 1168 438 episcopatu
1186 389 1400 427 Parisiensi
1421 389 1668 426 translatum
1688 403 1772 426 esse

69 445 123 483 ad
145 445 490 495 Magalonensem‚
513 447 785 495 eumdemque
807 462 891 485 esse
914 447 1178 484 fundatorem
1200 447 1353 496 collegii
1379 447 1489 496 quod
1510 447 1585 485 sub
1608 444 1771 484 nomine

73 504 311 554 Magalonae
342 504 566 542 fundatum
597 513 658 543 est
689 520 759 555 per
790 519 855 543 eas
882 513 1150 555 tempestates
1183 506 1293 555 apud
1318 507 1519 544 Tolosam.
1546 506 1773 544 Confundit

70 563 210 613 itaque
242 563 350 601 hunc
384 564 553 602 Petrum
585 578 678 601 cum
710 564 914 613 Audoyno
948 565 1103 602 Alberti
1138 565 1341 602 cardinale
1376 565 1666 614 Magalonensi,
1702 564 1777 614 qui

70 630 193 660 antea
220 622 355 660 fuerat
380 622 593 672 episcopus
622 623 858 660 parisiensis
878 623 904 661 ¹.

127 682 167 719 P.
190 681 279 728 318,
304 681 370 731 lig.
395 681 454 719 14.
484 682 671 718 HELYAM
700 696 753 718 DE
777 682 814 720 S.
837 683 1018 719 Ammo.
1041 682 1162 730 vulgo
1188 682 1304 719 Saint
1331 680 1469 719 Yrieis
1493 683 1602 732 apud
1628 683 1768 721 Lemo·

71 740 191 778 vices.
220 740 344 778 Ortus
370 740 479 778 enim
505 749 592 777 erat
616 753 634 776 e
662 741 750 777 loco
777 741 844 789 qui
879 741 974 778 olim
1001 742 1219 786 Attanum,
1256 741 1374 779 hodic
1402 742 1599 791 oppidum
1631 741 1771 779 Sancti

71 798 206 836 Aredii
233 807 508 849 nuncupatur.

118 858 220 907 ,Fuit
243 858 375 908 primo
400 858 625 895 monachus
652 858 802 895 ordinis
829 859 961 896 sancti
985 858 1210 896 Benedicti.
1242 859 1387 896 Postea
1413 859 1657 896 Benedictus
1686 857 1769 896 XII

70 917 106 954 ei
154 917 359 954 commisit
406 917 586 966 regimen
634 917 872 955 monasterii
913 917 1051 955 Sancti
1094 917 1288 955 Florentii
1330 918 1612 956 Salmuriensis
1661 931 1770 955 anno

71 976 376 1014 MCCCXXXV
399 976 667 1025 mensejunio
686 973 715 1023 ²,
740 984 780 1013 et
804 976 866 1013 die
892 991 979 1013 xxti
1004 977 1211 1026 sequentis
1237 977 1384 1014 mensis
1409 977 1664 1026 septembris,
1682 977 1770 1026 ejus

68 1035 366 1084 possessionem
391 1035 566 1085 adeptus
593 1043 666 1073 est.
694 1035 798 1072 Tum
823 1036 980 1085 reperio
1005 1050 1098 1073 eum
1124 1036 1260 1084 aliqua
1288 1044 1495 1086 potestate
1521 1036 1771 1073 instructum

67 1094 111 1131 in
136 1094 377 1132 cancellaria
404 1094 517 1132 Sedis
543 1094 808 1144 apostolicae,
835 1094 875 1131 id
901 1102 976 1142 est,
997 1093 1211 1132 literarum
1237 1095 1589 1132 contradictarum
1616 1094 1770 1131 domini

70 1166 203 1203 papae
216 1150 449 1191 auditorem
465 1153 600 1190 fuisse.
620 1153 783 1190 Etenim
799 1153 991 1202 Aegidius
1008 1154 1248 1200 Bellamera,
1266 1154 1305 1190 in
1323 1168 1410 1203 cap.
1426 1151 1699 1197 I)rn‹le11.t1'anz,
1713 1154 1771 1190 De

68 1211 219 1249 mutuis
247 1208 440 1261 petition„
458 1226 656 1261 quaerens
688 1226 737 1249 an
767 1213 906 1250 valeat
937 1213 1181 1262 rescriptum
1202 1213 1476 1262 apostolicum
1500 1212 1771 1262 impetratum

68 1270 121 1308 ab
140 1285 186 1309 eo
207 1271 275 1320 qui
295 1270 475 1308 trahitur
497 1279 613 1308 extra
641 1271 849 1321 propriam
878 1271 1109 1318 dioecesim,
1130 1272 1189 1309 ait
1208 1271 1488 1310 collectarium
1514 1271 1770 1321 respondisse

70 1330 216 1368 valere.
239 1330 290 1367 Et
307 1330 365 1367 sic
382 1338 579 1367 servatam
596 1329 688 1378 snit,
709 1330 858 1379 inquit,
881 1345 1024 1379 magno
1043 1338 1212 1380 tempore
1233 1330 1275 1367 in
1295 1330 1544 1374 cancellaria,
1565 1330 1684 1367 etiam
1703 1344 1772 1379 per

66 1388 275 1426 dominam
302 1389 536 1436 Uticensem,
559 1397 652 1426 tnizc
672 1389 853 1426 abbatem
876 1389 1012 1427 Sancti
1036 1389 1242 1436 Florentii,
1266 1398 1300 1427 et
1321 1390 1422 1439 quoti
1443 1389 1628 1426 dominus
1654 1389 1770 1426 Εὐνε-

69 1448 273 1495 dunensis,
296 1447 498 1486 auclientie
519 1447 724 1485 literarum
754 1448 1085 1486 contradictarum
1113 1448 1265 1485 domini
1287 1463 1390 1497 pape
1411 1448 1581 1495 (ιιιιίίίον,
1604 1448 1661 1485 sic
1682 1462 1770 1496 pro-

69 1506 331 1545 nuntiaverat.
362 1507 476 1545 Idem
500 1507 542 1544 in
567 1521 653 1557 cap.
680 1507 837 1554 intecti,
861 1508 920 1544 De
944 1507 1185 1555 dilationtb,
1211 1508 1334 1545 refert
1358 1508 1560 1556 judicium
1585 1507 1768 1555 ejusdem

67 1566 116 1604 de
140 1565 336 1604 citatione
360 1565 478 1604 nimis
502 1574 616 1604 arcta
640 1566 701 1604 his
724 1566 859 1604 verbis
885 1582 892 1603 :
918 1566 1038 1604 Sectis
1060 1575 1190 1604 tamen
1212 1566 1247 1603 si
1270 1566 1413 1604 citatas
1435 1575 1525 1604 ante
1550 1566 1653 1604 diem
1676 1566 1769 1603 cita-

68 1623 190 1662 tionis
203 1625 331 1662 solam
345 1625 389 1662 de
404 1625 472 1662 hoc
484 1631 735 1673 conqueretur
752 1626 854 1675 qnod
875 1625 1008 1663 citatio
1032 1634 1128 1662 esset
1151 1625 1273 1663 nimis
1289 1634 1407 1663 arcta.
1420 1625 1528 1663 Dicit
1547 1625 1654 1662 enim
1670 1625 1771 1674 qaod

66 1684 136 1721 hoc
158 1698 252 1721 casu
276 1684 375 1722 vidit
397 1684 651 1721 determinari
675 1698 744 1733 per
767 1684 973 1722 dominam
1003 1684 1223 1723 Uticensem
1247 1693 1281 1722 et
1303 1685 1404 1722 alios
1432 1685 1533 1734 qaod
1554 1693 1644 1722 ante
1668 1684 1771 1721 diem

68 1742 269 1780 citationis
292 1757 369 1780 non.
391 1750 540 1792 poterat
561 1743 629 1780 hoc
649 1743 832 1792 proponi.

124 1801 243 1840 Illum
270 1802 454 1840 Clemens
482 1802 539 1839 VI
567 1816 674 1839 anno
703 1803 957 1840 MCCCXLV
985 1802 1193 1853 promovit
1220 1803 1261 1840 in
1289 1803 1527 1852 episcopum
1559 1801 1770 1840 Uceticen-

63 1874 152 1898 sem
167 1857 197 1899 ³.

118 1989 145 2021 1.
173 1988 294 2022 Pierre
320 1989 363 2021 de
387 1989 422 2022 la
447 1989 559 2022 Foret
590 1989 725 2033 naquit
757 1990 778 2022 3
801 1990 836 2023 13
860 1989 952 2025 Suze
981 1990 1155 2032 (Sarthe).
1185 1990 1299 2023 Nanti
1323 1991 1367 2022 de
1391 1990 1576 2023 benefices
1601 2001 1669 2033 par
1692 1989 1769 2023 Cle-

65 2047 170 2074 ment
190 2041 222 2074 V
244 2041 292 2084 (n.
314 2041 420 2085 7390)
444 2048 482 2075 et
500 2042 598 2075 Jean
618 2042 737 2076 XXII
761 2042 917 2085 (Mollat‚
939 2055 973 2076 n.
996 2044 1141 2086 56226),
1163 2044 1187 2076 11
1208 2044 1266 2076 fut
1286 2043 1345 2076 elu
1365 2044 1507 2087 eveque
1528 2043 1572 2076 de
1594 2043 1767 2076 Chartres

61 2106 109 2127 en
131 2095 223 2128 1347
246 2106 314 2138 par
334 2095 365 2128 le
388 2095 568 2138 chapitre,
592 2095 685 2129 mais
707 2096 739 2128 le
761 2096 992 2140 Saint—Siege
1024 2108 1068 2129 ne
1100 2096 1174 2129 tint
1196 2098 1258 2129 nul
1282 2103 1431 2140 compte
1455 2097 1498 2129 de
1520 2108 1588 2129 son
1610 2096 1768 2130 election

63 2153 102 2180 et
124 2159 168 2180 ne
190 2148 221 2181 le
244 2159 397 2181 nomma
419 2149 561 2192 eveque
584 2149 628 2182 de
651 2149 815 2182 Tournai
838 2161 908 2193 que
931 2150 962 2182 18
987 2150 1030 2182 24
1051 2150 1173 2193 juillet
1198 2150 1300 2189 1349,
1326 2149 1407 2193 puis
1430 2151 1572 2193 eveque
1596 2150 1639 2182 de
1664 2149 1766 2182 Paris

67 2201 99 2233 le
117 2201 162 2233 20
179 2201 374 2234 decembre
391 2202 497 2242 1350,
516 2208 554 2234 et
570 2202 803 2246 archeveque
816 2203 859 2235 de
873 2202 1005 2236 Rouen
1022 2203 1053 2236 le
1071 2204 1091 2236 8
1108 2203 1244 2236 sevrier
1261 2204 1353 2236 1352
1374 2203 1518 2246 (Eubel,
1537 2203 1767 2242 Hierarchia,

66 2260 92 2287 t.
111 2266 135 2294 1,
157 2265 191 2297 p.
213 2254 293 2294 181,
314 2254 395 2294 391,
416 2255 486 2288 426
505 2260 543 2288 et
561 2255 658 2298 429).
682 2255 739 2288 En
758 2256 862 2295 1350,
884 2256 915 2288 18
935 2256 988 2289 roi
1009 2257 1052 2289 de
1074 2256 1213 2289 France
1234 2256 1339 2288 avait
1357 2256 1515 2289 sollicite
1535 2256 1565 2288 le
1598 2256 1766 2300 chapeau

64 2306 287 2340 cardinalice
315 2319 409 2351 pour
434 2308 502 2346 lui;
529 2308 554 2341 il
574 2309 777 2341 renouvela
797 2320 837 2342 sa
859 2309 1042 2342 demande
1063 2321 1109 2342 en
1130 2310 1223 2343 1356
1239 2309 1302 2353 qui
1320 2309 1378 2342 fut
1394 2315 1492 2342 cette
1514 2309 1582 2342 fois
1605 2310 1765 2342 exaucee

69 2359 249 2402 (Grandes
271 2361 494 2404 chroniqaes,
520 2361 576 2394 ed.
604 2361 843 2402 DelachenaL
871 2368 896 2395 t.
922 2374 944 2402 1,
972 2374 1006 2406 p.
1033 2363 1089 2402 31,
1117 2363 1157 2395 71
1186 2369 1223 2395 et
1248 2363 1304 2402 72,
1331 2363 1387 2402 94,
1415 2363 1486 2405 95).
1516 2362 1636 2395 Pierre
1662 2362 1706 2394 de
1730 2362 1766 2394 la

66 2413 177 2446 For-et
193 2413 253 2446 fut
269 2413 477 2447 chancelier
494 2414 537 2447 de
555 2414 663 2454 Jean,
683 2415 754 2448 duc
772 2416 815 2448 de
836 2415 1076 2455 Normandie,
1095 2427 1141 2448 en
1158 2416 1262 2455 1347,
1281 2422 1319 2448 et
1336 2415 1545 2448 chancelier
1562 2416 1605 2448 de
1625 2415 1764 2447 France

63 2468 171 2509 apres
188 2466 224 2499 la
242 2472 342 2499 mort
360 2467 403 2500 de
425 2467 566 2500 Firmin
584 2468 628 2501 de
648 2467 838 2512 Coquerel,
858 2480 904 2501 en
923 2469 1026 2502 1349.
1049 2468 1186 2502 C'etait
1205 2481 1255 2501 1111
1274 2469 1406 2502 31181811
1424 2475 1561 2501 avocat
1580 2480 1627 2501 au
1647 2468 1766 2511 parle-

65 2525 170 2552 ment
185 2520 228 2552 de
245 2519 358 2553 Paris.
378 2520 407 2553 Il
424 2520 484 2553 fut
499 2521 664 2564 revoque
682 2521 726 2554 de
743 2533 783 2554 sa
801 2522 934 2565 charge
951 2533 1014 2554 sur
1030 2522 1065 2555 13
1083 2523 1266 2555 demande
1285 2523 1347 2555 des
1367 2514 1476 2554 Etats
1494 2533 1539 2554 en
1556 2533 1654 2553 mars
1672 2521 1764 2554 1357

64 2578 103 2604 et
117 2572 314 2606 rehabilite
330 2573 361 2606 18
378 2574 422 2606 28
439 2573 514 2606 mai
529 2574 623 2607 1359
643 2573 912 2617 (Ordonnances
927 2576 986 2607 des
1000 2576 1073 2608 rois
1089 2576 1129 2608 de
1143 2575 1294 2614 France,
1314 2581 1338 2608 t.
1356 2587 1406 2614 111,
1424 2586 1458 2618 p.
1476 2575 1563 2614 3463
1580 2574 1764 2613 OxMorel,

64 2625 120 2658 La
143 2626 278 2667 grande
299 2626 541 2666 chancellerie‚
567 2639 602 2670 p.
627 2627 701 2670 39).
728 2627 786 2660 011
810 2633 988 2661 trouvera
1010 2628 1060 2661 les
1092 2629 1271 2661 elements
1297 2628 1340 2660 de
1364 2640 1404 2660 sa
1428 2627 1646 2670 biographie
1671 2627 1763 2659 dans

66 2678 293 2711 Delachcnal
324 2679 500 2722 (Histoire
534 2680 575 2712 de
609 2679 757 2713 Charles
786 2680 828 2721 V,
857 2687 882 2714 t.
910 2693 946 2721 11,
975 2693 1009 2725 p.
1039 2682 1135 2723 486),
1166 2680 1311 2714 Denisse
1342 2681 1409 2723 (La
1434 2681 1642 2719 cle'solation,
1672 2686 1697 2713 t.
1724 2691 1762 2719 11,

66 2742 99 2774 p.
124 2732 204 2771 137,
229 2732 324 2774 147),
351 2732 492 2775 Rymer
516 2732 699 2775 (Foedera,
722 2733 810 2767 edit.
836 2734 879 2767 de
895 2734 1072 2773 Londoes,
1097 2735 1200 2773 1825,
1226 2740 1250 2767 t.
1273 2732 1339 2773 1111,
1364 2746 1397 2776 p.
1422 2734 1518 2775 398),
1543 2733 1704 2766 Histoire
1724 2733 1765 2765 de

64 2784 281 2827 Languedoc
310 2786 349 2827 (t.
375 2780 429 2825 1x,
457 2797 492 2829 p.
521 2786 589 2818 727
616 2792 655 2819 et
680 2792 706 2820 t.
729 2798 766 2826 x,
787 2786 955 2827 Preaves,
979 2799 1008 2820 c.
1037 2788 1271 2829 1198-1202),
1293 2787 1331 2819 L.
1354 2786 1491 2829 Frogcr
1514 2786 1624 2818 Notes
1649 2796 1714 2818 sar
1734 2786 1764 2818 le

66 2842 251 2870 testament
269 2839 318 2870 da
335 2838 502 2871 cardinal
520 2838 646 2872 Pierre
664 2840 705 2872 sle
723 2839 758 2872 la
776 2839 882 2873 Foret
909 2841 1001 2873 dans
1021 2840 1056 2873 la
1074 2840 1251 2872 Province
1269 2841 1318 2872 dn
1336 2839 1478 2878 llIaine,
1501 2845 1526 2872 t.
1549 2851 1603 2871 xx
1627 2838 1761 2881 (1912),

65 2902 98 2933 p.
125 2890 309 2933 273-291),
336 2891 463 2924 Douet
486 2891 625 2936 d'Areq
653 2891 861 2935 (Collection
883 2894 924 2925 de
946 2904 1086 2932 scenam,
1114 2899 1139 2926 t.
1164 2891 1217 2932 111,
1243 2905 1277 2926 n.
1304 2892 1425 2935 6375),
1452 2892 1595 2935 Deprez
1636 2891 1762 2934 (Inno-

64 2949 142 2976 cent
173 2943 238 2984 VI,
270 2956 303 2977 n.
336 2945 415 2984 218,
447 2944 543 2987 275).

115 2997 144 3029 2.
169 2996 217 3029 Sa
239 2996 476 3030 nomination
497 2997 518 3029 a
539 2997 820 3031 Saint—Florent
842 2999 886 3031 de
908 2998 1070 3031 Saumur
1090 3004 1156 3030 eut
1176 2998 1249 3031 lieu
1270 2998 1302 3030 18
1327 2998 1369 3030 20
1392 2998 1466 3030 mai
1489 2997 1599 3037 1335;
1622 2998 1647 3030 il
1669 2998 1763 3031 etait

64 3056 305 3092 anparavant
327 3050 423 3083 abbe
447 3050 491 3082 de
515 3049 811 3084 Saint-Maixent
838 3051 971 3094 (Vidal,
998 3057 1023 3084 t.
1047 3063 1070 3091 1,
1097 3063 1131 3084 n.
1157 3051 1228 3093 15).

113 3103 145 3135 3.
167 3101 213 3135 Ce
232 3102 292 3135 fut
309 3103 340 3135 18
361 3103 380 3135 5
399 3103 611 3146 septembre
631 3104 724 3136 1344
747 3103 891 3147 (Eubel,
912 3103 1141 3142 Hierarclzia,
1165 3110 1188 3137 t.
1209 3116 1231 3139 1.
1254 3116 1287 3146 p.
1310 3104 1405 3146 511).
