2083 3458
274 210 357 252 448
940 226 1091 251 NOTAE
1126 225 1186 250 AD
1221 226 1349 251 VITAs
1857 209 1955 266 [932
1969 211 1990 267 ]

329 313 448 351 Anno
468 313 676 361 MCCCLI,
698 328 835 351 mense
854 312 1083 359 novembri,
1102 312 1294 350 interfuit
1313 312 1484 350 concilio
1503 311 1614 362 quod
1633 312 1779 351 Petrus
1800 312 1848 350 de
1869 313 1988 351 Judi-

276 373 349 413 cia.
367 372 698 423 archiepiscopus
716 372 1009 419 Narbonensis,
1028 371 1253 409 celebravit
1265 371 1308 408 in
1320 371 1488 409 ecclesia
1502 371 1731 410 cathedrali
1748 372 1995 420 Biterrensi,

277 431 388 481 quod
415 431 574 470 editum
601 440 663 470 est
688 432 730 469 in
757 431 899 469 Codice
926 431 1199 468 conciliorum
1232 430 1386 468 Galliae
1411 429 1701 469 Narbonensis.

331 491 450 528 Anno
482 491 729 538 MCCCLVI,
762 491 825 529 die
856 505 960 527 xxm
993 490 1234 537 decembris,
1265 489 1400 528 factus
1431 497 1493 528 est
1521 490 1739 540 presbyter
1768 491 1987 529 cardinalis

280 550 420 588 Sancti
454 550 653 600 Stephani
685 550 726 587 in
759 550 893 589 Coelio
926 558 1079 589 monte.

333 610 452 647 Anno
487 610 743 648 MCCCLVII
778 609 857 647 fuit
891 623 984 647 cum
1017 609 1104 647 aliis
1140 608 1390 658 quibusdam
1423 608 1699 647 cardinalibus
1734 608 1992 652 constitutus-

277 669 407 719 judex
432 669 473 706 in
500 683 622 707 causa
651 683 776 719 quam
804 668 1034 706 Richardus
1062 668 1347 707 Armachanus
1374 668 1508 707 movit
1533 668 1755 706 adversum
1780 667 1995 718 religiosos-

279 728 577 776 mendicantes,
603 736 650 766 ut
676 736 793 778 patet
818 742 868 766 ex
893 727 1119 778 appendice
1142 727 1371 776 Defensor-ii
1395 735 1633 766 curatorum.

286 820 287 823 ,
334 788 492 827 Eodem
521 802 629 825 anno
664 788 926 825 Innocentius
958 787 1014 824 VI
1045 787 1079 825 ei
1109 787 1316 825 commisit
1345 800 1519 825 examen
1549 787 1854 826 controversiae
1883 801 1996 837 quae·

278 855 367 885 erat
393 847 501 885 inter
531 847 802 894 Ludovicum‚
832 846 1071 897 episcopum
1099 846 1381 894 Valentinum,
1411 854 1452 884 et
1479 845 1695 884 Aimarum
1724 847 1772 885 de
1802 846 1989 884 Pictavia

278 915 448 956 propter
472 906 647 944 Cristam
673 906 889 956 oppidum3
918 906 1007 943 Joa.
1034 905 1236 950 Columbi‚
1261 906 1304 943 in
1327 905 1464 955 Epi-sc.
1493 906 1709 952 Valentia„
1735 920 1772 944 n.
1799 906 1861 944 44.

333 966 452 1003 Anno
474 966 761 1004 MCCCLXIII
784 966 917 1003 factus
940 973 1002 1003 est
1022 965 1237 1015 episcopus
1261 965 1460 1008 Ostiensis
1482 973 1577 1015 post
1597 974 1775 1003 mortem
1797 965 1989 1014 Audoyni

278 1024 452 1063 Alberti.

336 1084 456 1121 Illum
481 1084 669 1122 Urbanus
693 1084 727 1121 V
750 1084 968 1122 constituit
990 1082 1172 1134 judicem
1200 1083 1283 1122 litis
1310 1097 1415 1134 quae
1436 1091 1528 1122 tum
1548 1092 1718 1134 propter
1737 1083 1990 1133 jurisdictio-

280 1157 374 1182 nem
406 1152 495 1181 erat
527 1144 635 1181 inter
669 1143 898 1193 capitulum
924 1142 1129 1182 Ecclesiae
1164 1143 1402 1181 Parisiensis
1445 1151 1487 1181 et
1520 1143 1751 1194 capitulum
1784 1141 1991 1181 Ecclesiae

280 1202 519 1252 collegiatae
545 1202 686 1241 Sancti
708 1203 941 1243 Benedicti;
968 1203 1195 1241 Bellamera
1220 1203 1258 1240 in
1287 1217 1375 1252 cap.
1402 1202 1505 1240 Cum
1529 1202 1636 1250 olim,
1660 1203 1719 1239 De
1743 1202 1866 1240 testib.
2039 1253 2041 1256 .

333 1261 519 1300 Mortuus
545 1271 607 1300 est
630 1262 842 1300 Avenione
866 1276 974 1300 anno
1000 1262 1316 1310 MCCCLXVII,
1342 1262 1406 1300 die
1431 1261 1589 1301 decima
1607 1262 1717 1308 maii,
1738 1263 1923 1312 sepultus
1947 1261 1991 1299 in

278 1321 446 1359 ecclesia
475 1322 715 1366 cathedrali,
738 1321 809 1358 ubi
835 1321 1065 1360 etiamnum
1086 1321 1338 1371 conspicitur
1361 1321 1448 1371 ejus
1467 1320 1744 1371 sepulcrum¹.
1772 1321 1996 1359 Falluntur·

279 1379 389 1419 enim
419 1381 487 1430 qui
517 1395 610 1419 eum
649 1381 760 1431 apud
791 1381 1084 1419 Franciscanos
1115 1380 1422 1419 Avenionenses
1453 1381 1663 1431 sepultum
1691 1380 1879 1419 tradunt.
1912 1379 1995 1428 Qui>

280 1453 389 1477 error
418 1454 468 1477 ex
496 1454 542 1478 eo
570 1440 780 1491 profectus
810 1448 871 1478 est
901 1440 1012 1489 quod
1041 1440 1150 1478 hunc
1182 1440 1345 1479 Heliam
1378 1440 1639 1478 confundant
1668 1454 1760 1478 cum
1793 1439 1911 1478 Helia
1941 1439 1996 1477 de·

279 1498 506 1543 Nabilanis‚
534 1499 776 1550 presbytero
819 1499 1024 1537 cardinale
1066 1499 1179 1537 tituli
1221 1499 1361 1537 Sancti
1403 1499 1563 1538 Vitalis.

331 1557 550 1596 Adnotant
577 1558 885 1597 Sammarthani
904 1558 918 1581 2
944 1559 986 1597 in
1013 1559 1201 1608 Catalogo
1227 1559 1504 1608 episcoporum
1536 1558 1827 1597 Uceticensium
1854 1557 1996 1597 Ferdi-

279 1617 465 1655 nandum
487 1618 708 1667 Ughellum
728 1618 908 1669 primum
930 1619 1127 1666 omnium,
1149 1618 1303 1668 rejecta
1326 1618 1516 1669 opinione
1538 1618 1732 1666 Ciaconii,
1755 1617 1998 1656 distinxisse

280 1676 352 1714 hos
376 1676 477 1715 duos
500 1677 739 1716 cardinales.
766 1678 883 1725 Quod
908 1691 1050 1715 verum
1073 1692 1155 1715 non
1177 1686 1250 1716 est.
1274 1674 1442 1714 Etenim
1463 1677 1533 1715 diu
1562 1685 1659 1716 ante
1682 1677 1995 1716 Ferdinandum

280 1735 394 1773 istud
417 1735 686 1774 observatum
707 1737 843 1775 fuerat
865 1751 887 1774 a
910 1737 1157 1786 Waddingo,
1180 1751 1245 1775 an.
1272 1736 1387 1784 1342,
1417 1737 1434 1785 ἓ
1456 1736 1478 1774 5
1512 1737 1557 1787 [t.
1583 1751 1652 1785 v11,
1674 1752 1713 1788 p.
1738 1736 1853 1787 254}

335 1795 378 1833 P.
411 1794 500 1842 318,
530 1795 597 1845 lig.
631 1796 691 1834 15.
725 1796 1005 1834 FRANCISCUM
1039 1810 1093 1833 DE
1125 1796 1350 1834 TUDERTo.
1384 1796 1480 1834 Fuit
1510 1796 1576 1834 ille
1606 1796 1738 1847 primo
1774 1796 1989 1847 episcopus

284 1854 501 1892 Corfiensis
517 1851 545 1902 3,
587 1863 628 1893 et
667 1855 762 1893 hinc
802 1856 1028 1893 translatus
1070 1869 1178 1893 anno
1219 1855 1558 1900 MCCCXLVIII,
1590 1870 1647 1893 xv
1688 1856 1767 1893 kal.
1811 1855 1990 1893 octobris

294 1913 358 1963 [17
388 1914 647 1964 septembre]
672 1914 725 1952 ad
748 1913 973 1953 Ecclesiam
1005 1914 1225 1962 Clusinam2
1258 1930 1277 1953 e
1308 1928 1388 1964 qua
1429 1915 1597 1953 transiit
1625 1915 1678 1952 ad
1708 1914 1991 1953 Cassinensem

281 1986 390 2010 anno
417 1972 674 2021 MCCCLIII,
702 1974 765 2012 die
792 1988 849 2011 xv
874 1974 979 2023 junii
994 1973 1022 2021 4,
1049 1982 1096 2011 ut
1123 1974 1243 2012 docet
1270 1974 1554 2012 Ferdinandus
1590 1974 1799 2024 Ughellus.
1839 1974 1988 2012 Postea

283 2032 548 2071 Innocentius
583 2032 639 2070 VI
673 2033 790 2071 illum
822 2047 930 2071 anno
965 2033 1175 2071 MCCCLV
1209 2033 1383 2083 migrare
1415 2033 1539 2082 jussit
1571 2033 1624 2071 ad
1659 2030 1989 2078 Florentinam5,

281 2105 373 2130 cum
413 2087 616 2141 Angelum
654 2092 908 2130 Aeciaiolum
947 2107 966 2130 e
1007 2092 1243 2130 Florentina
1282 2092 1564 2131 transtulisset
1601 2092 1654 2130 ad
1693 2093 1991 2131 Cassinensem..

282 2151 415 2198 Quare
433 2159 566 2189 certus
583 2166 693 2189 error
708 2160 770 2190 est
786 2152 947 2201 Ughelli
964 2152 1181 2189 asserentis
1197 2151 1306 2189 hunc
1324 2152 1588 2190 Franciscum
1610 2166 1719 2189 anno
1736 2152 1992 2190 MCCCXLV

234 2224 236 2226 ’
280 2218 519 2260 promotum
537 2211 661 2249 fuisse
678 2211 730 2248 ad
745 2209 972 2249 Ecclesiam
987 2211 1282 2248 Florentinam.
1303 2210 1409 2249 Nam
1431 2225 1524 2249 cum
1542 2219 1703 2249 constet
1721 2225 1814 2251 eum
1833 2211 1992 2249 factum

281 2284 365 2308 esse
392 2269 641 2308 cardinalem
668 2284 718 2307 ex
742 2270 933 2320 episcopo
960 2270 1211 2317 Florentino,
1238 2284 1284 2308 ac
1310 2278 1528 2320 propterea
1555 2270 1713 2308 dictum
1741 2270 1992 2308 cardinalem

282 2329 581 2377 Florentinum,
606 2343 858 2378 consequens
882 2337 944 2367 est
967 2343 1058 2367 eam
1081 2327 1308 2367 Ecclesiam
1327 2329 1450 2367 fuisse
1470 2337 1724 2379 postremam
1746 2344 1796 2368 ex
1818 2329 1865 2367 iis
1890 2344 1990 2379 quas

283 2388 504 2438 occupavit
525 2397 621 2426 ante
644 2388 959 2426 cardinalatum.
986 2389 1136 2426 Factus
1158 2396 1220 2426 est
1239 2397 1379 2426 autem
1400 2388 1618 2438 presbyter
1640 2389 1857 2427 cardinalis
1878 2388 1992 2426 tituli

283 2447 423 2485 Sancti
442 2447 567 2485 Marci
583 2461 692 2487 anno
709 2447 957 2491 MCCCLVI,
976 2447 1038 2485 die
1057 2461 1161 2484 xxm
1179 2447 1417 2486 decembris.
1438 2448 1502 2485 Ex
1522 2462 1602 2497 quo
1620 2448 1824 2497 colligitur
1840 2448 1990 2486 falsum

285 2522 368 2544 esse
392 2506 501 2555 quod
524 2507 582 2544 ait
603 2507 858 2556 Augustinus
883 2506 1095 2554 Oldoinus,
1117 2507 1158 2543 in
1180 2515 1208 2544 t.
1231 2521 1272 2553 11,
1294 2507 1401 2544 Hist.
1425 2521 1671 2544 summor-mn
1692 2507 1938 2556 Pontificum
1958 2515 1991 2544 et

281 2566 564 2613 cardinalium,
593 2567 665 2604 col.
690 2566 779 2613 533,
796 2567 912 2604 illum
946 2574 1087 2603 sancte
1119 2565 1428 2604 administrasse
1456 2564 1682 2605 Ecclesiam
1709 2566 1991 2604 Florentinam

282 2625 399 2663 annis
432 2625 636 2664 undecim.
672 2625 785 2663 Obiit
818 2634 958 2663 autem
991 2639 1097 2662 anno
1131 2624 1384 2673 MCCCLXI,
1419 2625 1482 2664 die
1516 2634 1663 2675 quarta
1697 2625 1940 2675 septembris
1959 2623 1990 2673 ⁶,

282 2685 391 2734 apud
427 2684 601 2723 Pontem
635 2684 799 2734 Sorgiae
832 2684 943 2721 haud
975 2684 1117 2734 procul
1151 2684 1374 2722 Avenione.
1412 2685 1475 2722 Ex
1511 2699 1590 2734 quo
1623 2699 1786 2722 rursum
1817 2684 1990 2733 intelligi

325 2838 356 2870 1.
384 2837 423 2869 L.
450 2837 649 2877 Duhamcl,
678 2837 728 2870 Le
750 2837 916 2870 lombeau
938 2838 978 2870 (Ie
998 2837 1128 2870 Βθηοῖί
1149 2836 1247 2876 XII,
1274 2836 1382 2877 Caen,
1408 2837 1512 2877 1887,
1537 2849 1571 2881 p.
1598 2838 1629 2871 5.

327 2892 355 2922 2.
381 2890 551 2922 L'crrcur
571 2903 591 2923 a
613 2891 765 2933 disparu
788 2891 830 2923 dc
852 2890 1021 2924 l'c'dition
1043 2891 1086 2923 dc
1108 2890 1212 2929 1739,
1236 2896 1261 2923 t.
1286 2902 1333 2930 VI,
1356 2890 1422 2923 col.
1447 2891 1526 2924 636.

325 2946 356 2975 3.
389 2943 437 2975 'Lc
461 2944 506 2975 30
531 2944 605 2976 mai
632 2944 733 2983 1348,
761 2944 906 2986 d'apres
933 2944 1058 2984 Gams,
1084 2955 1118 2987 p.
1144 2944 1224 2977 400.

322 2997 353 3028 si.
386 2996 434 3028 Lc
462 2997 504 3028 ¹17
533 2997 625 3029 avril
653 2998 745 3029 1353
775 2997 920 3039 (Eubcl.
948 2997 1178 3036 Hierarclzia,
1207 3003 1232 3029 t.
1259 3008 1282 3035 1,
1311 3008 1344 3039 p.
1374 2996 1470 3040 169).

323 3050 353 3081 5.
386 3049 433 3081 Le
462 3050 505 3082 ‘18
534 3062 630 3082 mars
662 3050 780 3088 (ibach,
813 3057 835 3083 ι.
862 3063 885 3087 1,
915 3063 948 3093 p.
979 3050 1074 3093 250).

325 3104 356 3134 G.
387 3102 434 3133 Lc
463 3104 504 3134 25
532 3103 623 3135 :tout
649 3103 796 3146 d’aprcs
826 3103 943 3136 Eubcl
973 3103 1088 3146 (ibid.,
1117 3109 1142 3137 t.
1169 3114 1191 3143 Ι,
1220 3114 1254 3146 p.
1280 3102 1350 3147 19).
