<?xml version="1.0" encoding="UTF-8"?>
<!DOCTYPE html PUBLIC "-//W3C//DTD XHTML 1.0 Transitional//EN"
    "http://www.w3.org/TR/xhtml1/DTD/xhtml1-transitional.dtd">
<html xmlns="http://www.w3.org/1999/xhtml" xml:lang="en" lang="en">
 <head>
  <title>
</title>
<meta http-equiv="Content-Type" content="text/html;charset=utf-8" />
  <meta name='ocr-system' content='tesseract 3.04.00' />
  <meta name='ocr-capabilities' content='ocr_page ocr_carea ocr_par ocr_line ocrx_word'/>
</head>
<body>
  <div class='ocr_page' id='page_1' title='image "./vitaepaparumaven02balu_0825.png"; bbox 0 0 2083 3458; ppageno 0'>
   <div class='ocr_carea' id='block_1_1' title="bbox 102 210 1785 266">
    <p class='ocr_par' dir='ltr' id='par_1_1' title="bbox 102 210 1785 266">
     <span class='ocr_line' id='line_1_1' title="bbox 102 210 1785 266; baseline 0.005 -16"><span class='ocrx_word' id='word_1_1' title='bbox 102 210 254 266; x_wconf 87' lang='lat'>[1298]</span> <span class='ocrx_word' id='word_1_2' title='bbox 621 227 838 253; x_wconf 76' lang='lat' dir='ltr'>PAPARUM</span> <span class='ocrx_word' id='word_1_3' title='bbox 872 229 1256 256; x_wconf 76' lang='lat' dir='ltr'><strong>AVENIONENsmM</strong></span> <span class='ocrx_word' id='word_1_4' title='bbox 1703 216 1785 258; x_wconf 84' lang='lat'><strong>815</strong></span> 
     </span>
    </p>
   </div>
   <div class='ocr_carea' id='block_1_2' title="bbox 30 309 1805 2841">
    <p class='ocr_par' dir='ltr' id='par_1_2' title="bbox 86 309 1782 478">
     <span class='ocr_line' id='line_1_2' title="bbox 86 309 1782 355; baseline 0.004 -7"><span class='ocrx_word' id='word_1_5' title='bbox 86 310 135 348; x_wconf 92' lang='lat' dir='ltr'><strong>de</strong></span> <span class='ocrx_word' id='word_1_6' title='bbox 166 310 396 355; x_wconf 85' lang='lat' dir='ltr'><strong>Clarascho,</strong></span> <span class='ocrx_word' id='word_1_7' title='bbox 431 309 638 348; x_wconf 90' lang='lat' dir='ltr'><strong>Frizonius</strong></span> <span class='ocrx_word' id='word_1_8' title='bbox 671 311 872 349; x_wconf 89' lang='lat' dir='ltr'><strong>Thomam</strong></span> <span class='ocrx_word' id='word_1_9' title='bbox 903 312 951 350; x_wconf 87' lang='lat' dir='ltr'><strong>de</strong></span> <span class='ocrx_word' id='word_1_10' title='bbox 983 312 1160 351; x_wconf 88' lang='lat' dir='ltr'><strong>Clausse.</strong></span> <span class='ocrx_word' id='word_1_11' title='bbox 1192 313 1270 352; x_wconf 90' lang='lat' dir='ltr'><strong>Sed</strong></span> <span class='ocrx_word' id='word_1_12' title='bbox 1301 313 1357 352; x_wconf 89' lang='lat' dir='ltr'><strong>illi</strong></span> <span class='ocrx_word' id='word_1_13' title='bbox 1387 315 1545 355; x_wconf 88' lang='lat' dir='ltr'><strong>nullum</strong></span> <span class='ocrx_word' id='word_1_14' title='bbox 1571 324 1782 355; x_wconf 88' lang='lat' dir='ltr'><strong>vetustum</strong></span> 
     </span>
     <span class='ocr_line' id='line_1_3' title="bbox 86 368 1782 423; baseline 0.004 -16"><span class='ocrx_word' id='word_1_15' title='bbox 86 368 332 419; x_wconf 76' lang='lat' dir='ltr'>scriptorem</span> <span class='ocrx_word' id='word_1_16' title='bbox 367 368 554 415; x_wconf 87' lang='lat' dir='ltr'><strong>laudant,</strong></span> <span class='ocrx_word' id='word_1_17' title='bbox 593 369 723 408; x_wconf 90' lang='lat' dir='ltr'><strong>nullas</strong></span> <span class='ocrx_word' id='word_1_18' title='bbox 759 378 916 409; x_wconf 88' lang='lat' dir='ltr'><strong>veteres</strong></span> <span class='ocrx_word' id='word_1_19' title='bbox 964 371 1193 419; x_wconf 82' lang='lat' dir='ltr'>memorias,</span> <span class='ocrx_word' id='word_1_20' title='bbox 1230 387 1281 412; x_wconf 86' lang='lat' dir='ltr'><strong>ex</strong></span> <span class='ocrx_word' id='word_1_21' title='bbox 1325 373 1473 423; x_wconf 90' lang='lat' dir='ltr'><strong>quihus</strong></span> <span class='ocrx_word' id='word_1_22' title='bbox 1510 383 1671 413; x_wconf 89' lang='lat' dir='ltr'><strong>constet</strong></span> <span class='ocrx_word' id='word_1_23' title='bbox 1708 376 1782 414; x_wconf 88' lang='lat' dir='ltr'><strong>hoc</strong></span> 
     </span>
     <span class='ocr_line' id='line_1_4' title="bbox 86 426 801 478; baseline 0.001 -12"><span class='ocrx_word' id='word_1_24' title='bbox 86 442 311 478; x_wconf 82' lang='lat' dir='ltr'>cognomen</span> <span class='ocrx_word' id='word_1_25' title='bbox 338 426 460 465; x_wconf 86' lang='lat' dir='ltr'><strong>fuisse</strong></span> <span class='ocrx_word' id='word_1_26' title='bbox 486 427 580 466; x_wconf 86' lang='lat' dir='ltr'><strong>huic</strong></span> <span class='ocrx_word' id='word_1_27' title='bbox 607 429 801 467; x_wconf 89' lang='lat' dir='ltr'><strong>Thomae.</strong></span> 
     </span>
    </p>

    <p class='ocr_par' dir='ltr' id='par_1_3' title="bbox 86 485 1781 761">
     <span class='ocr_line' id='line_1_5' title="bbox 140 485 1781 541; baseline 0.004 -16"><span class='ocrx_word' id='word_1_28' title='bbox 140 488 183 525; x_wconf 90' lang='grc' dir='ltr'><strong>Ρ.</strong></span> <span class='ocrx_word' id='word_1_29' title='bbox 206 486 296 534; x_wconf 85' lang='grc'><strong>485,</strong></span> <span class='ocrx_word' id='word_1_30' title='bbox 317 485 382 535; x_wconf 81' lang='lat' dir='ltr'>lig.</span> <span class='ocrx_word' id='word_1_31' title='bbox 406 486 469 524; x_wconf 82' lang='grc'>26.</span> <span class='ocrx_word' id='word_1_32' title='bbox 495 487 821 532; x_wconf 75' lang='lat' dir='ltr'>INQUISITOREM.</span> <span class='ocrx_word' id='word_1_33' title='bbox 846 488 996 526; x_wconf 82' lang='lat' dir='ltr'><strong>Errant</strong></span> <span class='ocrx_word' id='word_1_34' title='bbox 1016 489 1201 539; x_wconf 86' lang='lat' dir='ltr'><strong>profecto</strong></span> <span class='ocrx_word' id='word_1_35' title='bbox 1223 490 1293 541; x_wconf 87' lang='lat' dir='ltr'><strong>qui</strong></span> <span class='ocrx_word' id='word_1_36' title='bbox 1313 491 1500 530; x_wconf 90' lang='lat' dir='ltr'><strong>scribunt</strong></span> <span class='ocrx_word' id='word_1_37' title='bbox 1521 491 1636 530; x_wconf 88' lang='lat' dir='ltr'><strong>illum</strong></span> <span class='ocrx_word' id='word_1_38' title='bbox 1658 493 1781 532; x_wconf 86' lang='lat' dir='ltr'><strong>fuisse</strong></span> 
     </span>
     <span class='ocr_line' id='line_1_6' title="bbox 86 545 1779 601; baseline 0.004 -17"><span class='ocrx_word' id='word_1_39' title='bbox 86 545 438 596; x_wconf 89' lang='lat' dir='ltr'><strong>archiepiscopum</strong></span> <span class='ocrx_word' id='word_1_40' title='bbox 468 545 802 596; x_wconf 87' lang='lat' dir='ltr'><strong>Neapolitanum.</strong></span> <span class='ocrx_word' id='word_1_41' title='bbox 836 546 871 585; x_wconf 90' lang='lat' dir='ltr'><strong>Is</strong></span> <span class='ocrx_word' id='word_1_42' title='bbox 900 547 1010 585; x_wconf 90' lang='lat' dir='ltr'><strong>enim</strong></span> <span class='ocrx_word' id='word_1_43' title='bbox 1037 549 1213 588; x_wconf 86' lang='lat' dir='ltr'>Thomas</span> <span class='ocrx_word' id='word_1_44' title='bbox 1244 549 1313 599; x_wconf 91' lang='lat' dir='ltr'><strong>qui</strong></span> <span class='ocrx_word' id='word_1_45' title='bbox 1340 564 1386 588; x_wconf 91' lang='lat' dir='ltr'><strong>ea</strong></span> <span class='ocrx_word' id='word_1_46' title='bbox 1414 558 1663 601; x_wconf 81' lang='lat' dir='ltr'><strong>tempestate</strong></span> <span class='ocrx_word' id='word_1_47' title='bbox 1691 559 1779 590; x_wconf 86' lang='lat' dir='ltr'><strong>erat</strong></span> 
     </span>
     <span class='ocr_line' id='line_1_7' title="bbox 86 604 1780 659; baseline 0.004 -16"><span class='ocrx_word' id='word_1_48' title='bbox 86 604 414 659; x_wconf 82' lang='lat' dir='ltr'>archiepiscopus</span> <span class='ocrx_word' id='word_1_49' title='bbox 446 604 741 655; x_wconf 90' lang='lat' dir='ltr'><strong>Neapolitanus</strong></span> <span class='ocrx_word' id='word_1_50' title='bbox 771 605 954 644; x_wconf 89' lang='lat' dir='ltr'><strong>diversus</strong></span> <span class='ocrx_word' id='word_1_51' title='bbox 984 607 1150 646; x_wconf 90' lang='lat' dir='ltr'><strong>omnino</strong></span> <span class='ocrx_word' id='word_1_52' title='bbox 1178 616 1239 646; x_wconf 89' lang='lat' dir='ltr'><strong>est</strong></span> <span class='ocrx_word' id='word_1_53' title='bbox 1267 609 1319 646; x_wconf 90' lang='lat' dir='ltr'><strong>ab</strong></span> <span class='ocrx_word' id='word_1_54' title='bbox 1346 609 1441 657; x_wconf 84' lang='lat' dir='ltr'><strong>isto,</strong></span> <span class='ocrx_word' id='word_1_55' title='bbox 1469 618 1511 648; x_wconf 90' lang='lat' dir='ltr'><strong>et</strong></span> <span class='ocrx_word' id='word_1_56' title='bbox 1538 610 1671 649; x_wconf 83' lang='lat' dir='ltr'><strong>factus</strong></span> <span class='ocrx_word' id='word_1_57' title='bbox 1702 611 1780 649; x_wconf 81' lang='lat' dir='ltr'><strong>fuit</strong></span> 
     </span>
     <span class='ocr_line' id='line_1_8' title="bbox 87 663 1778 717; baseline 0.003 -15"><span class='ocrx_word' id='word_1_58' title='bbox 87 663 301 702; x_wconf 89' lang='lat' dir='ltr'><strong>cardinalis</strong></span> <span class='ocrx_word' id='word_1_59' title='bbox 338 677 359 700; x_wconf 93' lang='lat' dir='ltr'><strong>a</strong></span> <span class='ocrx_word' id='word_1_60' title='bbox 396 663 602 702; x_wconf 87' lang='lat' dir='ltr'><strong>Clemente</strong></span> <span class='ocrx_word' id='word_1_61' title='bbox 638 664 814 714; x_wconf 91' lang='lat' dir='ltr'><strong>septimo</strong></span> <span class='ocrx_word' id='word_1_62' title='bbox 849 679 956 703; x_wconf 89' lang='lat' dir='ltr'><strong>anno</strong></span> <span class='ocrx_word' id='word_1_63' title='bbox 993 666 1206 706; x_wconf 88' lang='lat' dir='ltr'><strong>millesimo</strong></span> <span class='ocrx_word' id='word_1_64' title='bbox 1240 668 1527 707; x_wconf 88' lang='lat' dir='ltr'><strong>trecentesimo</strong></span> <span class='ocrx_word' id='word_1_65' title='bbox 1565 670 1778 717; x_wconf 89' lang='lat' dir='ltr'><strong>LXXXV,</strong></span> 
     </span>
     <span class='ocr_line' id='line_1_9' title="bbox 87 722 716 761; baseline -0.002 0"><span class='ocrx_word' id='word_1_66' title='bbox 87 723 148 761; x_wconf 91' lang='lat' dir='ltr'><strong>uti</strong></span> <span class='ocrx_word' id='word_1_67' title='bbox 174 723 354 761; x_wconf 83' lang='lat' dir='ltr'>dicemus</span> <span class='ocrx_word' id='word_1_68' title='bbox 383 722 487 760; x_wconf 87' lang='lat' dir='ltr'><strong>infra</strong></span> <span class='ocrx_word' id='word_1_69' title='bbox 515 738 587 760; x_wconf 86' lang='lat' dir='ltr'><strong>suo</strong></span> <span class='ocrx_word' id='word_1_70' title='bbox 615 723 716 761; x_wconf 81' lang='lat' dir='ltr'>loco.</span> 
     </span>
    </p>

    <p class='ocr_par' dir='ltr' id='par_1_4' title="bbox 86 781 1778 938">
     <span class='ocr_line' id='line_1_10' title="bbox 140 781 1778 831; baseline 0.004 -11"><span class='ocrx_word' id='word_1_71' title='bbox 140 783 182 820; x_wconf 94' lang='grc' dir='ltr'><strong>Ρ.</strong></span> <span class='ocrx_word' id='word_1_72' title='bbox 205 781 293 828; x_wconf 92' lang='grc'><strong>485,</strong></span> <span class='ocrx_word' id='word_1_73' title='bbox 314 781 379 831; x_wconf 82' lang='lat' dir='ltr'>lig.</span> <span class='ocrx_word' id='word_1_74' title='bbox 403 781 463 819; x_wconf 86' lang='lat'>27.</span> <span class='ocrx_word' id='word_1_75' title='bbox 490 782 551 818; x_wconf 80' lang='lat' dir='ltr'><strong>DE</strong></span> <span class='ocrx_word' id='word_1_76' title='bbox 575 782 933 820; x_wconf 67' lang='grc' dir='ltr'><strong>ΡΕιΜ-ῑΜοΝΤιυΜ1</strong></span> <span class='ocrx_word' id='word_1_77' title='bbox 965 783 1054 821; x_wconf 89' lang='lat' dir='ltr'><strong>ideo</strong></span> <span class='ocrx_word' id='word_1_78' title='bbox 1078 785 1332 824; x_wconf 88' lang='lat' dir='ltr'><strong>Lombardus</strong></span> <span class='ocrx_word' id='word_1_79' title='bbox 1365 786 1498 825; x_wconf 88' lang='lat' dir='ltr'><strong>dictus</strong></span> <span class='ocrx_word' id='word_1_80' title='bbox 1524 787 1576 825; x_wconf 90' lang='lat' dir='ltr'><strong>ab</strong></span> <span class='ocrx_word' id='word_1_81' title='bbox 1598 787 1778 827; x_wconf 87' lang='lat' dir='ltr'><strong>Antonio</strong></span> 
     </span>
     <span class='ocr_line' id='line_1_11' title="bbox 86 840 1777 896; baseline 0.004 -17"><span class='ocrx_word' id='word_1_82' title='bbox 86 841 267 888; x_wconf 84' lang='lat' dir='ltr'><strong>Senensi,</strong></span> <span class='ocrx_word' id='word_1_83' title='bbox 294 840 478 887; x_wconf 90' lang='lat' dir='ltr'><strong>Olmeda,</strong></span> <span class='ocrx_word' id='word_1_84' title='bbox 503 850 544 878; x_wconf 88' lang='lat' dir='ltr'><strong>et</strong></span> <span class='ocrx_word' id='word_1_85' title='bbox 568 841 668 880; x_wconf 86' lang='lat' dir='ltr'><strong>aliis.</strong></span> <span class='ocrx_word' id='word_1_86' title='bbox 697 841 911 879; x_wconf 87' lang='lat' dir='ltr'><strong>Falluntur</strong></span> <span class='ocrx_word' id='word_1_87' title='bbox 934 857 1027 892; x_wconf 82' lang='lat' dir='ltr'><strong>ergo</strong></span> <span class='ocrx_word' id='word_1_88' title='bbox 1052 844 1315 882; x_wconf 89' lang='lat' dir='ltr'><strong>vehementer</strong></span> <span class='ocrx_word' id='word_1_89' title='bbox 1338 844 1365 882; x_wconf 92' lang='lat' dir='ltr'><strong>ii</strong></span> <span class='ocrx_word' id='word_1_90' title='bbox 1389 845 1458 895; x_wconf 91' lang='lat' dir='ltr'><strong>qui</strong></span> <span class='ocrx_word' id='word_1_91' title='bbox 1489 855 1641 896; x_wconf 88' lang='lat' dir='ltr'><strong>putant</strong></span> <span class='ocrx_word' id='word_1_92' title='bbox 1664 846 1777 885; x_wconf 90' lang='lat' dir='ltr'><strong>illum</strong></span> 
     </span>
     <span class='ocr_line' id='line_1_12' title="bbox 87 900 607 938; baseline -0.002 0"><span class='ocrx_word' id='word_1_93' title='bbox 87 900 208 938; x_wconf 85' lang='lat' dir='ltr'><strong>fuisse</strong></span> <span class='ocrx_word' id='word_1_94' title='bbox 237 900 402 937; x_wconf 88' lang='lat' dir='ltr'><strong>natione</strong></span> <span class='ocrx_word' id='word_1_95' title='bbox 431 900 607 938; x_wconf 88' lang='lat' dir='ltr'><strong>Gallum.</strong></span> 
     </span>
    </p>

    <p class='ocr_par' dir='ltr' id='par_1_5' title="bbox 85 958 1776 1127">
     <span class='ocr_line' id='line_1_13' title="bbox 139 958 1776 1008; baseline 0.003 -11"><span class='ocrx_word' id='word_1_96' title='bbox 139 960 181 997; x_wconf 92' lang='lat' dir='ltr'><strong>P.</strong></span> <span class='ocrx_word' id='word_1_97' title='bbox 205 959 294 1007; x_wconf 88' lang='grc'><strong>485,</strong></span> <span class='ocrx_word' id='word_1_98' title='bbox 316 959 381 1008; x_wconf 83' lang='lat' dir='ltr'>lig.</span> <span class='ocrx_word' id='word_1_99' title='bbox 406 958 467 996; x_wconf 88' lang='lat'>29.</span> <span class='ocrx_word' id='word_1_100' title='bbox 493 959 648 996; x_wconf 82' lang='lat' dir='ltr'><strong>LITTER</strong></span> <span class='ocrx_word' id='word_1_101' title='bbox 657 974 732 997; x_wconf 64' lang='lat' dir='ltr'><strong>ut</strong></span> <span class='ocrx_word' id='word_1_102' title='bbox 743 974 786 997; x_wconf 94' lang='grc' dir='ltr'><strong>Μ.</strong></span> <span class='ocrx_word' id='word_1_103' title='bbox 811 959 1014 998; x_wconf 82' lang='lat' dir='ltr'><strong>Antonius</strong></span> <span class='ocrx_word' id='word_1_104' title='bbox 1038 961 1223 999; x_wconf 84' lang='lat' dir='ltr'><strong>Senensis</strong></span> <span class='ocrx_word' id='word_1_105' title='bbox 1245 970 1426 1001; x_wconf 88' lang='lat' dir='ltr'><strong>testatur</strong></span> <span class='ocrx_word' id='word_1_106' title='bbox 1445 978 1485 1001; x_wconf 91' lang='lat' dir='ltr'><strong>se</strong></span> <span class='ocrx_word' id='word_1_107' title='bbox 1507 963 1549 1002; x_wconf 92' lang='lat' dir='ltr'><strong>in</strong></span> <span class='ocrx_word' id='word_1_108' title='bbox 1569 973 1776 1003; x_wconf 87' lang='lat' dir='ltr'><strong>conventu</strong></span> 
     </span>
     <span class='ocr_line' id='line_1_14' title="bbox 85 1017 1776 1093; baseline 0.004 -37"><span class='ocrx_word' id='word_1_109' title='bbox 85 1019 283 1056; x_wconf 85' lang='lat' dir='ltr'><strong>Toletano</strong></span> <span class='ocrx_word' id='word_1_110' title='bbox 312 1017 462 1056; x_wconf 82' lang='lat' dir='ltr'>ordinis</span> <span class='ocrx_word' id='word_1_111' title='bbox 491 1017 552 1055; x_wconf 91' lang='lat' dir='ltr'><strong>sui</strong></span> <span class='ocrx_word' id='word_1_112' title='bbox 580 1017 728 1056; x_wconf 88' lang='lat' dir='ltr'><strong>vidisse</strong></span> <span class='ocrx_word' id='word_1_113' title='bbox 757 1018 939 1058; x_wconf 88' lang='lat' dir='ltr'>codicem</span> <span class='ocrx_word' id='word_1_114' title='bbox 966 1028 1148 1059; x_wconf 89' lang='lat' dir='ltr'><strong>veterem</strong></span> <span class='ocrx_word' id='word_1_115' title='bbox 1174 1020 1215 1058; x_wconf 88' lang='lat' dir='ltr'><strong>in</strong></span> <span class='ocrx_word' id='word_1_116' title='bbox 1243 1035 1323 1070; x_wconf 90' lang='lat' dir='ltr'><strong>quo</strong></span> <span class='ocrx_word' id='word_1_117' title='bbox 1352 1022 1672 1093; x_wconf 83' lang='lat' dir='ltr'><strong>continebantur</strong></span> <span class='ocrx_word' id='word_1_118' title='bbox 1699 1039 1776 1062; x_wconf 89' lang='lat' dir='ltr'><strong>ser-</strong></span> 
     </span>
     <span class='ocr_line' id='line_1_15' title="bbox 85 1077 1159 1127; baseline 0 -11"><span class='ocrx_word' id='word_1_119' title='bbox 85 1092 223 1116; x_wconf 89' lang='lat' dir='ltr'><strong>mones</strong></span> <span class='ocrx_word' id='word_1_120' title='bbox 249 1086 290 1116; x_wconf 89' lang='lat' dir='ltr'><strong>et</strong></span> <span class='ocrx_word' id='word_1_121' title='bbox 316 1077 510 1114; x_wconf 88' lang='lat' dir='ltr'><strong>nonnulla</strong></span> <span class='ocrx_word' id='word_1_122' title='bbox 537 1077 615 1114; x_wconf 94' lang='lat' dir='ltr'><strong>alia</strong></span> <span class='ocrx_word' id='word_1_123' title='bbox 642 1091 762 1127; x_wconf 90' lang='lat' dir='ltr'><strong>opera</strong></span> <span class='ocrx_word' id='word_1_124' title='bbox 789 1077 904 1115; x_wconf 89' lang='lat' dir='ltr'><strong>istius</strong></span> <span class='ocrx_word' id='word_1_125' title='bbox 932 1079 1111 1117; x_wconf 89' lang='lat' dir='ltr'><strong>Thomae</strong></span> <span class='ocrx_word' id='word_1_126' title='bbox 1132 1078 1159 1117; x_wconf 86' lang='lat'>2.</span> 
     </span>
    </p>

    <p class='ocr_par' dir='ltr' id='par_1_6' title="bbox 84 1136 1776 1308">
     <span class='ocr_line' id='line_1_16' title="bbox 139 1136 1776 1185; baseline 0.003 -11"><span class='ocrx_word' id='word_1_127' title='bbox 139 1137 239 1175; x_wconf 87' lang='lat' dir='ltr'><strong>Erat</strong></span> <span class='ocrx_word' id='word_1_128' title='bbox 258 1136 321 1175; x_wconf 86' lang='lat' dir='ltr'><strong>ille</strong></span> <span class='ocrx_word' id='word_1_129' title='bbox 342 1137 487 1174; x_wconf 89' lang='lat' dir='ltr'><strong>absens</strong></span> <span class='ocrx_word' id='word_1_130' title='bbox 509 1150 635 1185; x_wconf 86' lang='lat' dir='ltr'><strong>quum</strong></span> <span class='ocrx_word' id='word_1_131' title='bbox 657 1136 789 1174; x_wconf 85' lang='lat' dir='ltr'><strong>factus</strong></span> <span class='ocrx_word' id='word_1_132' title='bbox 810 1145 871 1174; x_wconf 85' lang='lat' dir='ltr'><strong>est</strong></span> <span class='ocrx_word' id='word_1_133' title='bbox 891 1137 1121 1176; x_wconf 87' lang='lat' dir='ltr'><strong>cardinalis.</strong></span> <span class='ocrx_word' id='word_1_134' title='bbox 1145 1139 1292 1177; x_wconf 87' lang='lat' dir='ltr'><strong>Postea</strong></span> <span class='ocrx_word' id='word_1_135' title='bbox 1312 1154 1407 1178; x_wconf 87' lang='lat' dir='ltr'><strong>vero</strong></span> <span class='ocrx_word' id='word_1_136' title='bbox 1427 1139 1600 1179; x_wconf 88' lang='lat' dir='ltr'><strong>intravit</strong></span> <span class='ocrx_word' id='word_1_137' title='bbox 1622 1141 1776 1180; x_wconf 89' lang='lat' dir='ltr'><strong>curiam</strong></span> 
     </span>
     <span class='ocr_line' id='line_1_17' title="bbox 84 1194 1775 1245; baseline 0.002 -11"><span class='ocrx_word' id='word_1_138' title='bbox 84 1195 146 1234; x_wconf 90' lang='lat' dir='ltr'><strong>die</strong></span> <span class='ocrx_word' id='word_1_139' title='bbox 182 1210 267 1233; x_wconf 82' lang='lat' dir='ltr'><strong>xvn</strong></span> <span class='ocrx_word' id='word_1_140' title='bbox 303 1195 535 1233; x_wconf 85' lang='lat' dir='ltr'><strong>novembris</strong></span> <span class='ocrx_word' id='word_1_141' title='bbox 552 1194 580 1242; x_wconf 77' lang='lat'><strong>3,</strong></span> <span class='ocrx_word' id='word_1_142' title='bbox 614 1203 655 1233; x_wconf 81' lang='lat' dir='ltr'><strong>et</strong></span> <span class='ocrx_word' id='word_1_143' title='bbox 688 1195 846 1245; x_wconf 90' lang='lat' dir='ltr'><strong>accepit</strong></span> <span class='ocrx_word' id='word_1_144' title='bbox 881 1195 1049 1234; x_wconf 87' lang='lat' dir='ltr'><strong>titulum</strong></span> <span class='ocrx_word' id='word_1_145' title='bbox 1084 1198 1257 1236; x_wconf 83' lang='lat' dir='ltr'><strong>Sanctae</strong></span> <span class='ocrx_word' id='word_1_146' title='bbox 1293 1198 1479 1238; x_wconf 87' lang='lat' dir='ltr'><strong>Sabinae.</strong></span> <span class='ocrx_word' id='word_1_147' title='bbox 1516 1199 1629 1238; x_wconf 92' lang='lat' dir='ltr'><strong>Obiit</strong></span> <span class='ocrx_word' id='word_1_148' title='bbox 1668 1215 1775 1238; x_wconf 88' lang='lat' dir='ltr'><strong>anno</strong></span> 
     </span>
     <span class='ocr_line' id='line_1_18' title="bbox 85 1253 1772 1308; baseline 0.002 -15"><span class='ocrx_word' id='word_1_149' title='bbox 85 1255 310 1302; x_wconf 87' lang='lat' dir='ltr'><strong>MCCCXC,</strong></span> <span class='ocrx_word' id='word_1_150' title='bbox 327 1255 389 1292; x_wconf 91' lang='lat' dir='ltr'><strong>die</strong></span> <span class='ocrx_word' id='word_1_151' title='bbox 410 1269 496 1292; x_wconf 88' lang='lat' dir='ltr'><strong>xvn</strong></span> <span class='ocrx_word' id='word_1_152' title='bbox 514 1253 631 1303; x_wconf 89' lang='lat' dir='ltr'><strong>junii,</strong></span> <span class='ocrx_word' id='word_1_153' title='bbox 651 1254 762 1304; x_wconf 90' lang='lat' dir='ltr'><strong>apud</strong></span> <span class='ocrx_word' id='word_1_154' title='bbox 779 1255 1046 1303; x_wconf 78' lang='lat' dir='ltr'><strong>Avenionem,</strong></span> <span class='ocrx_word' id='word_1_155' title='bbox 1061 1264 1108 1293; x_wconf 90' lang='lat' dir='ltr'><strong>ut</strong></span> <span class='ocrx_word' id='word_1_156' title='bbox 1127 1256 1268 1294; x_wconf 90' lang='lat' dir='ltr'><strong>scribit</strong></span> <span class='ocrx_word' id='word_1_157' title='bbox 1284 1258 1518 1308; x_wconf 90' lang='lat' dir='ltr'><strong>Onuphrius</strong></span> <span class='ocrx_word' id='word_1_158' title='bbox 1536 1259 1772 1298; x_wconf 88' lang='lat' dir='ltr'><strong>Panvinius.</strong></span> 
     </span>
    </p>

    <p class='ocr_par' dir='ltr' id='par_1_7' title="bbox 48 1313 1775 1602">
     <span class='ocr_line' id='line_1_19' title="bbox 138 1313 1775 1366; baseline 0.002 -14"><span class='ocrx_word' id='word_1_159' title='bbox 138 1315 180 1352; x_wconf 88' lang='lat' dir='ltr'><strong>P.</strong></span> <span class='ocrx_word' id='word_1_160' title='bbox 205 1314 294 1361; x_wconf 88' lang='lat'><strong>487,</strong></span> <span class='ocrx_word' id='word_1_161' title='bbox 316 1314 382 1363; x_wconf 81' lang='lat' dir='ltr'>lig.</span> <span class='ocrx_word' id='word_1_162' title='bbox 410 1313 469 1352; x_wconf 87' lang='grc'><strong>10.</strong></span> <span class='ocrx_word' id='word_1_163' title='bbox 498 1313 790 1351; x_wconf 75' lang='lat' dir='ltr'>INTEREMPTA.</span> <span class='ocrx_word' id='word_1_164' title='bbox 817 1314 879 1351; x_wconf 92' lang='lat' dir='ltr'><strong>On</strong></span> <span class='ocrx_word' id='word_1_165' title='bbox 904 1328 951 1352; x_wconf 86' lang='lat' dir='ltr'><strong>ne</strong></span> <span class='ocrx_word' id='word_1_166' title='bbox 974 1314 1054 1352; x_wconf 85' lang='lat' dir='ltr'><strong>sait</strong></span> <span class='ocrx_word' id='word_1_167' title='bbox 1076 1315 1161 1353; x_wconf 92' lang='lat' dir='ltr'><strong>rien</strong></span> <span class='ocrx_word' id='word_1_168' title='bbox 1181 1316 1229 1353; x_wconf 91' lang='lat' dir='ltr'><strong>de</strong></span> <span class='ocrx_word' id='word_1_169' title='bbox 1251 1316 1378 1366; x_wconf 79' lang='lat' dir='ltr'><strong>precis</strong></span> <span class='ocrx_word' id='word_1_170' title='bbox 1403 1317 1443 1354; x_wconf 90' lang='lat' dir='ltr'><strong>ni</strong></span> <span class='ocrx_word' id='word_1_171' title='bbox 1465 1332 1534 1355; x_wconf 91' lang='lat' dir='ltr'><strong>sur</strong></span> <span class='ocrx_word' id='word_1_172' title='bbox 1554 1318 1592 1355; x_wconf 91' lang='lat' dir='ltr'><strong>la</strong></span> <span class='ocrx_word' id='word_1_173' title='bbox 1616 1319 1710 1356; x_wconf 84' lang='lat' dir='ltr'><strong>date</strong></span> <span class='ocrx_word' id='word_1_174' title='bbox 1736 1318 1775 1356; x_wconf 89' lang='lat' dir='ltr'><strong>ni</strong></span> 
     </span>
     <span class='ocr_line' id='line_1_20' title="bbox 83 1369 1774 1427; baseline 0.003 -16"><span class='ocrx_word' id='word_1_175' title='bbox 83 1388 151 1411; x_wconf 90' lang='lat' dir='ltr'><strong>sur</strong></span> <span class='ocrx_word' id='word_1_176' title='bbox 170 1374 204 1412; x_wconf 87' lang='lat' dir='ltr'><strong>le</strong></span> <span class='ocrx_word' id='word_1_177' title='bbox 227 1369 345 1423; x_wconf 84' lang='lat' dir='ltr'><strong>genre</strong></span> <span class='ocrx_word' id='word_1_178' title='bbox 368 1373 415 1411; x_wconf 90' lang='lat' dir='ltr'><strong>de</strong></span> <span class='ocrx_word' id='word_1_179' title='bbox 437 1373 474 1410; x_wconf 90' lang='lat' dir='ltr'><strong>la</strong></span> <span class='ocrx_word' id='word_1_180' title='bbox 496 1381 603 1419; x_wconf 89' lang='lat' dir='ltr'><strong>mort</strong></span> <span class='ocrx_word' id='word_1_181' title='bbox 625 1372 672 1410; x_wconf 88' lang='lat' dir='ltr'><strong>de</strong></span> <span class='ocrx_word' id='word_1_182' title='bbox 694 1373 731 1410; x_wconf 92' lang='lat' dir='ltr'><strong>la</strong></span> <span class='ocrx_word' id='word_1_183' title='bbox 753 1372 873 1411; x_wconf 90' lang='lat' dir='ltr'><strong>reine.</strong></span> <span class='ocrx_word' id='word_1_184' title='bbox 899 1374 950 1410; x_wconf 93' lang='lat' dir='ltr'><strong>Le</strong></span> <span class='ocrx_word' id='word_1_185' title='bbox 973 1373 1131 1411; x_wconf 88' lang='lat' dir='ltr'><strong>dernier</strong></span> <span class='ocrx_word' id='word_1_186' title='bbox 1151 1374 1249 1412; x_wconf 80' lang='lat' dir='ltr'><strong>livre</strong></span> <span class='ocrx_word' id='word_1_187' title='bbox 1272 1375 1341 1424; x_wconf 91' lang='lat' dir='ltr'><strong>qui</strong></span> <span class='ocrx_word' id='word_1_188' title='bbox 1361 1375 1419 1413; x_wconf 90' lang='lat' dir='ltr'><strong>ait</strong></span> <span class='ocrx_word' id='word_1_189' title='bbox 1439 1376 1562 1414; x_wconf 82' lang='lat' dir='ltr'><strong>traite</strong></span> <span class='ocrx_word' id='word_1_190' title='bbox 1583 1392 1645 1415; x_wconf 90' lang='lat' dir='ltr'><strong>ces</strong></span> <span class='ocrx_word' id='word_1_191' title='bbox 1684 1392 1774 1427; x_wconf 86' lang='lat' dir='ltr'><strong>pro·</strong></span> 
     </span>
     <span class='ocr_line' id='line_1_21' title="bbox 83 1431 1775 1483; baseline 0.002 -13"><span class='ocrx_word' id='word_1_192' title='bbox 83 1432 233 1470; x_wconf 81' lang='lat' dir='ltr'><strong>blemes</strong></span> <span class='ocrx_word' id='word_1_193' title='bbox 250 1432 495 1481; x_wconf 87' lang='lat' dir='ltr'><strong>historiques</strong></span> <span class='ocrx_word' id='word_1_194' title='bbox 509 1432 574 1469; x_wconf 91' lang='lat' dir='ltr'><strong>n&#39;a</strong></span> <span class='ocrx_word' id='word_1_195' title='bbox 586 1431 704 1481; x_wconf 88' lang='lat' dir='ltr'><strong>point</strong></span> <span class='ocrx_word' id='word_1_196' title='bbox 719 1431 795 1469; x_wconf 82' lang='lat' dir='ltr'><strong>fait</strong></span> <span class='ocrx_word' id='word_1_197' title='bbox 808 1446 876 1470; x_wconf 88' lang='lat' dir='ltr'><strong>sur</strong></span> <span class='ocrx_word' id='word_1_198' title='bbox 889 1446 968 1469; x_wconf 83' lang='lat' dir='ltr'><strong>eux</strong></span> <span class='ocrx_word' id='word_1_199' title='bbox 982 1433 1018 1470; x_wconf 88' lang='lat' dir='ltr'><strong>la</strong></span> <span class='ocrx_word' id='word_1_200' title='bbox 1033 1432 1198 1471; x_wconf 78' lang='lat' dir='ltr'><strong>lumiere</strong></span> <span class='ocrx_word' id='word_1_201' title='bbox 1215 1434 1283 1482; x_wconf 90' lang='lat' dir='ltr'><strong>(M.</strong></span> <span class='ocrx_word' id='word_1_202' title='bbox 1301 1435 1551 1483; x_wconf 85' lang='lat' dir='ltr'><strong>Rothbarth‚</strong></span> <span class='ocrx_word' id='word_1_203' title='bbox 1571 1436 1775 1474; x_wconf 76' lang='lat' dir='ltr'><strong>UrbatzVI</strong></span> 
     </span>
     <span class='ocr_line' id='line_1_22' title="bbox 84 1490 1772 1545; baseline 0.004 -17"><span class='ocrx_word' id='word_1_204' title='bbox 84 1493 165 1529; x_wconf 77' lang='lat' dir='ltr'><strong>und</strong></span> <span class='ocrx_word' id='word_1_205' title='bbox 180 1491 344 1541; x_wconf 77' lang='lat' dir='ltr'><strong>Neapel,</strong></span> <span class='ocrx_word' id='word_1_206' title='bbox 358 1490 508 1538; x_wconf 87' lang='lat' dir='ltr'><strong>Berlin,</strong></span> <span class='ocrx_word' id='word_1_207' title='bbox 526 1490 640 1538; x_wconf 83' lang='lat'><strong>1913,</strong></span> <span class='ocrx_word' id='word_1_208' title='bbox 656 1505 694 1540; x_wconf 88' lang='lat' dir='ltr'><strong>p.</strong></span> <span class='ocrx_word' id='word_1_209' title='bbox 711 1490 862 1540; x_wconf 85' lang='lat'>93-97).</span> <span class='ocrx_word' id='word_1_210' title='bbox 880 1491 975 1529; x_wconf 91' lang='lat' dir='ltr'><strong>Voir</strong></span> <span class='ocrx_word' id='word_1_211' title='bbox 989 1492 1098 1529; x_wconf 91' lang='lat' dir='ltr'><strong>aussi</strong></span> <span class='ocrx_word' id='word_1_212' title='bbox 1114 1492 1248 1530; x_wconf 89' lang='lat' dir='ltr'><strong>Valois</strong></span> <span class='ocrx_word' id='word_1_213' title='bbox 1268 1497 1346 1543; x_wconf 75' lang='lat' dir='ltr'>(op.</span> <span class='ocrx_word' id='word_1_214' title='bbox 1363 1494 1440 1541; x_wconf 62' lang='lat' dir='ltr'><strong>cit„</strong></span> <span class='ocrx_word' id='word_1_215' title='bbox 1460 1503 1489 1532; x_wconf 92' lang='lat' dir='ltr'><strong>t.</strong></span> <span class='ocrx_word' id='word_1_216' title='bbox 1504 1509 1545 1542; x_wconf 92' lang='lat'><strong>11,</strong></span> <span class='ocrx_word' id='word_1_217' title='bbox 1567 1510 1605 1545; x_wconf 89' lang='lat' dir='ltr'><strong>p.</strong></span> <span class='ocrx_word' id='word_1_218' title='bbox 1623 1495 1772 1544; x_wconf 82' lang='lat'>50-52).</span> 
     </span>
     <span class='ocr_line' id='line_1_23' title="bbox 48 1550 1773 1602; baseline 0.002 -14"><span class='ocrx_word' id='word_1_219' title='bbox 48 1594 50 1596; x_wconf 37' lang='lat'>.</span> <span class='ocrx_word' id='word_1_220' title='bbox 136 1551 178 1589; x_wconf 83' lang='grc' dir='ltr'>Ρ.</span> <span class='ocrx_word' id='word_1_221' title='bbox 205 1550 294 1597; x_wconf 90' lang='grc'>487,</span> <span class='ocrx_word' id='word_1_222' title='bbox 320 1550 385 1600; x_wconf 82' lang='lat' dir='ltr'>lig.</span> <span class='ocrx_word' id='word_1_223' title='bbox 413 1550 474 1588; x_wconf 91' lang='lat'>22.</span> <span class='ocrx_word' id='word_1_224' title='bbox 502 1550 873 1588; x_wconf 73' lang='lat' dir='ltr'><strong>ARELArENsissUS.</strong></span> <span class='ocrx_word' id='word_1_225' title='bbox 906 1551 1016 1589; x_wconf 89' lang='lat' dir='ltr'><strong>Inter</strong></span> <span class='ocrx_word' id='word_1_226' title='bbox 1041 1566 1140 1601; x_wconf 88' lang='lat' dir='ltr'><strong>quos</strong></span> <span class='ocrx_word' id='word_1_227' title='bbox 1167 1551 1208 1589; x_wconf 92' lang='lat' dir='ltr'><strong>in</strong></span> <span class='ocrx_word' id='word_1_228' title='bbox 1234 1552 1372 1602; x_wconf 86' lang='lat' dir='ltr'><strong>primis</strong></span> <span class='ocrx_word' id='word_1_229' title='bbox 1399 1553 1549 1592; x_wconf 84' lang='lat' dir='ltr'><strong>enituit</strong></span> <span class='ocrx_word' id='word_1_230' title='bbox 1573 1554 1702 1592; x_wconf 87' lang='lat' dir='ltr'><strong>virtus</strong></span> <span class='ocrx_word' id='word_1_231' title='bbox 1734 1563 1773 1593; x_wconf 88' lang='lat' dir='ltr'><strong>et</strong></span> 
     </span>
    </p>

    <p class='ocr_par' dir='ltr' id='par_1_8' title="bbox 30 1609 1805 2841">
     <span class='ocr_line' id='line_1_24' title="bbox 84 1609 1805 1661; baseline 0.002 -14"><span class='ocrx_word' id='word_1_232' title='bbox 84 1610 181 1648; x_wconf 85' lang='lat' dir='ltr'><strong>fides</strong></span> <span class='ocrx_word' id='word_1_233' title='bbox 207 1609 402 1647; x_wconf 81' lang='lat' dir='ltr'><strong>Manuelis</strong></span> <span class='ocrx_word' id='word_1_234' title='bbox 426 1609 473 1647; x_wconf 91' lang='lat' dir='ltr'><strong>de</strong></span> <span class='ocrx_word' id='word_1_235' title='bbox 498 1609 668 1659; x_wconf 82' lang='lat' dir='ltr'><strong>Pugeto,</strong></span> <span class='ocrx_word' id='word_1_236' title='bbox 692 1609 846 1657; x_wconf 88' lang='lat' dir='ltr'><strong>militis,</strong></span> <span class='ocrx_word' id='word_1_237' title='bbox 869 1610 1103 1648; x_wconf 89' lang='lat' dir='ltr'><strong>condomini</strong></span> <span class='ocrx_word' id='word_1_238' title='bbox 1123 1610 1200 1648; x_wconf 82' lang='lat' dir='ltr'><strong>loci</strong></span> <span class='ocrx_word' id='word_1_239' title='bbox 1222 1611 1270 1649; x_wconf 92' lang='lat' dir='ltr'><strong>de</strong></span> <span class='ocrx_word' id='word_1_240' title='bbox 1294 1612 1463 1661; x_wconf 82' lang='lat' dir='ltr'><strong>Pugeto,</strong></span> <span class='ocrx_word' id='word_1_241' title='bbox 1485 1613 1771 1652; x_wconf 89' lang='lat' dir='ltr'><strong>Glandatensis</strong></span> <span class='ocrx_word' id='word_1_242' title='bbox 1802 1642 1805 1643; x_wconf 16' lang='grc' dir='ltr'><em>γ</em></span> 
     </span>
     <span class='ocr_line' id='line_1_25' title="bbox 82 1668 1771 1718; baseline 0.002 -11"><span class='ocrx_word' id='word_1_243' title='bbox 82 1669 291 1716; x_wconf 84' lang='lat' dir='ltr'><strong>dioecesis,</strong></span> <span class='ocrx_word' id='word_1_244' title='bbox 306 1677 347 1707; x_wconf 90' lang='lat' dir='ltr'><strong>et</strong></span> <span class='ocrx_word' id='word_1_245' title='bbox 369 1668 511 1706; x_wconf 86' lang='lat' dir='ltr'><strong>vicarii</strong></span> <span class='ocrx_word' id='word_1_246' title='bbox 531 1668 628 1717; x_wconf 77' lang='lat' dir='ltr'><strong>regii</strong></span> <span class='ocrx_word' id='word_1_247' title='bbox 650 1668 691 1705; x_wconf 91' lang='lat' dir='ltr'><strong>in</strong></span> <span class='ocrx_word' id='word_1_248' title='bbox 712 1682 757 1706; x_wconf 89' lang='lat' dir='ltr'><strong>ea</strong></span> <span class='ocrx_word' id='word_1_249' title='bbox 780 1669 893 1715; x_wconf 90' lang='lat' dir='ltr'><strong>urbe,</strong></span> <span class='ocrx_word' id='word_1_250' title='bbox 911 1669 981 1718; x_wconf 85' lang='lat' dir='ltr'><strong>qui</strong></span> <span class='ocrx_word' id='word_1_251' title='bbox 1003 1684 1024 1707; x_wconf 91' lang='lat' dir='ltr'><strong>a</strong></span> <span class='ocrx_word' id='word_1_252' title='bbox 1041 1669 1229 1708; x_wconf 91' lang='lat' dir='ltr'><strong>Tochinis</strong></span> <span class='ocrx_word' id='word_1_253' title='bbox 1252 1669 1491 1710; x_wconf 84' lang='lat' dir='ltr'><strong>interfectus</strong></span> <span class='ocrx_word' id='word_1_254' title='bbox 1514 1680 1575 1710; x_wconf 90' lang='lat' dir='ltr'><strong>est</strong></span> <span class='ocrx_word' id='word_1_255' title='bbox 1597 1672 1638 1709; x_wconf 91' lang='lat' dir='ltr'><strong>in</strong></span> <span class='ocrx_word' id='word_1_256' title='bbox 1660 1672 1771 1710; x_wconf 88' lang='lat' dir='ltr'><strong>inva-</strong></span> 
     </span>
     <span class='ocr_line' id='line_1_26' title="bbox 81 1727 1772 1781; baseline 0.002 -15"><span class='ocrx_word' id='word_1_257' title='bbox 81 1728 193 1767; x_wconf 91' lang='lat' dir='ltr'><strong>sione</strong></span> <span class='ocrx_word' id='word_1_258' title='bbox 213 1728 398 1778; x_wconf 82' lang='lat' dir='ltr'><strong>ejusdem</strong></span> <span class='ocrx_word' id='word_1_259' title='bbox 416 1727 543 1775; x_wconf 88' lang='lat' dir='ltr'><strong>urbis,</strong></span> <span class='ocrx_word' id='word_1_260' title='bbox 562 1735 609 1765; x_wconf 89' lang='lat' dir='ltr'><strong>ut</strong></span> <span class='ocrx_word' id='word_1_261' title='bbox 628 1727 776 1777; x_wconf 81' lang='lat' dir='ltr'><strong>legitur</strong></span> <span class='ocrx_word' id='word_1_262' title='bbox 795 1727 836 1765; x_wconf 89' lang='lat' dir='ltr'><strong>in</strong></span> <span class='ocrx_word' id='word_1_263' title='bbox 858 1728 968 1766; x_wconf 90' lang='lat' dir='ltr'><strong>bulla</strong></span> <span class='ocrx_word' id='word_1_264' title='bbox 988 1728 1207 1767; x_wconf 89' lang='lat' dir='ltr'><strong>Clementis</strong></span> <span class='ocrx_word' id='word_1_265' title='bbox 1229 1729 1308 1766; x_wconf 92' lang='lat' dir='ltr'><strong>VII</strong></span> <span class='ocrx_word' id='word_1_266' title='bbox 1329 1730 1426 1768; x_wconf 90' lang='lat' dir='ltr'><strong>data</strong></span> <span class='ocrx_word' id='word_1_267' title='bbox 1453 1732 1563 1781; x_wconf 92' lang='lat' dir='ltr'><strong>apud</strong></span> <span class='ocrx_word' id='word_1_268' title='bbox 1585 1732 1772 1771; x_wconf 83' lang='lat' dir='ltr'><strong>Castrum</strong></span> 
     </span>
     <span class='ocr_line' id='line_1_27' title="bbox 81 1786 1770 1840; baseline 0.002 -15"><span class='ocrx_word' id='word_1_269' title='bbox 81 1801 236 1825; x_wconf 89' lang='lat' dir='ltr'><strong>novum</strong></span> <span class='ocrx_word' id='word_1_270' title='bbox 258 1786 551 1825; x_wconf 84' lang='lat' dir='ltr'><strong>Avenionensis</strong></span> <span class='ocrx_word' id='word_1_271' title='bbox 573 1786 765 1825; x_wconf 86' lang='lat' dir='ltr'><strong>dioecesis</strong></span> <span class='ocrx_word' id='word_1_272' title='bbox 788 1802 810 1824; x_wconf 90' lang='lat' dir='ltr'><strong>v</strong></span> <span class='ocrx_word' id='word_1_273' title='bbox 836 1786 926 1825; x_wconf 88' lang='lat' dir='ltr'><strong>idus</strong></span> <span class='ocrx_word' id='word_1_274' title='bbox 950 1786 1004 1837; x_wconf 82' lang='lat'><strong>[9]</strong></span> <span class='ocrx_word' id='word_1_275' title='bbox 1026 1788 1190 1837; x_wconf 83' lang='lat' dir='ltr'><strong>augusti</strong></span> <span class='ocrx_word' id='word_1_276' title='bbox 1212 1802 1320 1826; x_wconf 88' lang='lat' dir='ltr'><strong>anno</strong></span> <span class='ocrx_word' id='word_1_277' title='bbox 1340 1798 1456 1827; x_wconf 86' lang='lat' dir='ltr'><strong>sexto</strong></span> <span class='ocrx_word' id='word_1_278' title='bbox 1480 1790 1629 1840; x_wconf 77' lang='grc'>[1384],</span> <span class='ocrx_word' id='word_1_279' title='bbox 1656 1791 1770 1839; x_wconf 88' lang='lat' dir='ltr'><strong>cujus</strong></span> 
     </span>
     <span class='ocr_line' id='line_1_28' title="bbox 81 1845 1770 1898; baseline 0.001 -13"><span class='ocrx_word' id='word_1_280' title='bbox 81 1861 153 1885; x_wconf 90' lang='lat' dir='ltr'><strong>nos</strong></span> <span class='ocrx_word' id='word_1_281' title='bbox 170 1847 405 1896; x_wconf 87' lang='lat' dir='ltr'><strong>exemplum</strong></span> <span class='ocrx_word' id='word_1_282' title='bbox 421 1846 619 1885; x_wconf 90' lang='lat' dir='ltr'><strong>habemus</strong></span> <span class='ocrx_word' id='word_1_283' title='bbox 638 1860 687 1883; x_wconf 81' lang='lat' dir='ltr'><strong>ex</strong></span> <span class='ocrx_word' id='word_1_284' title='bbox 703 1845 870 1884; x_wconf 89' lang='lat' dir='ltr'><strong>archivo</strong></span> <span class='ocrx_word' id='word_1_285' title='bbox 888 1846 1068 1884; x_wconf 83' lang='lat' dir='ltr'><strong>civitatis</strong></span> <span class='ocrx_word' id='word_1_286' title='bbox 1088 1847 1350 1895; x_wconf 78' lang='lat' dir='ltr'><strong>Arelatensis,</strong></span> <span class='ocrx_word' id='word_1_287' title='bbox 1369 1862 1493 1898; x_wconf 86' lang='lat' dir='ltr'><strong>quam</strong></span> <span class='ocrx_word' id='word_1_288' title='bbox 1511 1864 1605 1888; x_wconf 81' lang='lat' dir='ltr'><strong>vero</strong></span> <span class='ocrx_word' id='word_1_289' title='bbox 1623 1849 1770 1887; x_wconf 85' lang='lat' dir='ltr'><strong>vidisse</strong></span> 
     </span>
     <span class='ocr_line' id='line_1_29' title="bbox 80 1905 1770 1955; baseline 0.001 -11"><span class='ocrx_word' id='word_1_290' title='bbox 80 1906 179 1944; x_wconf 90' lang='lat' dir='ltr'><strong>satis</strong></span> <span class='ocrx_word' id='word_1_291' title='bbox 202 1913 365 1944; x_wconf 89' lang='lat' dir='ltr'><strong>constat</strong></span> <span class='ocrx_word' id='word_1_292' title='bbox 387 1906 598 1943; x_wconf 86' lang='lat' dir='ltr'><strong>Caesarem</strong></span> <span class='ocrx_word' id='word_1_293' title='bbox 624 1905 959 1944; x_wconf 85' lang='lat' dir='ltr'><strong>Nostradamum.</strong></span> <span class='ocrx_word' id='word_1_294' title='bbox 987 1906 1168 1955; x_wconf 85' lang='lat' dir='ltr'><strong>Reliquit</strong></span> <span class='ocrx_word' id='word_1_295' title='bbox 1189 1906 1267 1954; x_wconf 86' lang='lat' dir='ltr'><strong>ille,</strong></span> <span class='ocrx_word' id='word_1_296' title='bbox 1290 1907 1351 1944; x_wconf 91' lang='lat' dir='ltr'><strong>uti</strong></span> <span class='ocrx_word' id='word_1_297' title='bbox 1374 1908 1599 1946; x_wconf 87' lang='lat' dir='ltr'><strong>ostendunt</strong></span> <span class='ocrx_word' id='word_1_298' title='bbox 1621 1923 1770 1948; x_wconf 86' lang='lat' dir='ltr'><strong>memo-</strong></span> 
     </span>
     <span class='ocr_line' id='line_1_30' title="bbox 40 1963 1769 2011; baseline 0.001 -8"><span class='ocrx_word' id='word_1_299' title='bbox 40 1981 55 1992; x_wconf 85' lang='lat'><strong>·</strong></span> <span class='ocrx_word' id='word_1_300' title='bbox 80 1965 161 2003; x_wconf 89' lang='lat' dir='ltr'><strong>riae</strong></span> <span class='ocrx_word' id='word_1_301' title='bbox 190 1979 348 2003; x_wconf 89' lang='lat' dir='ltr'><strong>mecum</strong></span> <span class='ocrx_word' id='word_1_302' title='bbox 378 1963 719 2011; x_wconf 87' lang='lat' dir='ltr'><strong>communicatae,</strong></span> <span class='ocrx_word' id='word_1_303' title='bbox 745 1964 845 2002; x_wconf 91' lang='lat' dir='ltr'><strong>duos</strong></span> <span class='ocrx_word' id='word_1_304' title='bbox 873 1964 974 2002; x_wconf 90' lang='lat' dir='ltr'><strong>filios</strong></span> <span class='ocrx_word' id='word_1_305' title='bbox 1002 1965 1264 2004; x_wconf 87' lang='lat' dir='ltr'><strong>Guillelmum</strong></span> <span class='ocrx_word' id='word_1_306' title='bbox 1285 1974 1326 2004; x_wconf 90' lang='lat' dir='ltr'><strong>et</strong></span> <span class='ocrx_word' id='word_1_307' title='bbox 1345 1967 1633 2005; x_wconf 87' lang='lat' dir='ltr'><strong>Bertrandum.</strong></span> <span class='ocrx_word' id='word_1_308' title='bbox 1661 1968 1769 2005; x_wconf 90' lang='lat' dir='ltr'><strong>Guil-</strong></span> 
     </span>
     <span class='ocr_line' id='line_1_31' title="bbox 78 2022 1769 2074; baseline 0.001 -12"><span class='ocrx_word' id='word_1_309' title='bbox 78 2024 221 2062; x_wconf 90' lang='lat' dir='ltr'><strong>lelmus</strong></span> <span class='ocrx_word' id='word_1_310' title='bbox 243 2023 430 2061; x_wconf 90' lang='lat' dir='ltr'><strong>dominus</strong></span> <span class='ocrx_word' id='word_1_311' title='bbox 452 2023 499 2061; x_wconf 89' lang='lat' dir='ltr'><strong>de</strong></span> <span class='ocrx_word' id='word_1_312' title='bbox 522 2022 673 2061; x_wconf 89' lang='lat' dir='ltr'><strong>Gardia</strong></span> <span class='ocrx_word' id='word_1_313' title='bbox 693 2037 801 2060; x_wconf 89' lang='lat' dir='ltr'><strong>anno</strong></span> <span class='ocrx_word' id='word_1_314' title='bbox 823 2022 1178 2072; x_wconf 85' lang='lat' dir='ltr'><strong>MCCCLXXXV,</strong></span> <span class='ocrx_word' id='word_1_315' title='bbox 1199 2024 1262 2062; x_wconf 92' lang='lat' dir='ltr'><strong>die</strong></span> <span class='ocrx_word' id='word_1_316' title='bbox 1284 2040 1340 2062; x_wconf 89' lang='lat' dir='ltr'><strong>xv</strong></span> <span class='ocrx_word' id='word_1_317' title='bbox 1361 2026 1608 2074; x_wconf 90' lang='lat' dir='ltr'><strong>novembris,</strong></span> <span class='ocrx_word' id='word_1_318' title='bbox 1630 2027 1769 2064; x_wconf 88' lang='lat' dir='ltr'><strong>homa-</strong></span> 
     </span>
     <span class='ocr_line' id='line_1_32' title="bbox 80 2082 1769 2134; baseline 0.001 -13"><span class='ocrx_word' id='word_1_319' title='bbox 80 2083 190 2133; x_wconf 82' lang='lat' dir='ltr'><strong>gium</strong></span> <span class='ocrx_word' id='word_1_320' title='bbox 220 2082 361 2133; x_wconf 80' lang='lat' dir='ltr'><strong>ligium</strong></span> <span class='ocrx_word' id='word_1_321' title='bbox 392 2097 462 2133; x_wconf 89' lang='lat' dir='ltr'><strong>per</strong></span> <span class='ocrx_word' id='word_1_322' title='bbox 494 2090 802 2132; x_wconf 86' lang='lat' dir='ltr'><strong>procuratorem</strong></span> <span class='ocrx_word' id='word_1_323' title='bbox 830 2082 1039 2132; x_wconf 89' lang='lat' dir='ltr'><strong>praestitit</strong></span> <span class='ocrx_word' id='word_1_324' title='bbox 1063 2083 1212 2121; x_wconf 87' lang='lat' dir='ltr'><strong>Mariae</strong></span> <span class='ocrx_word' id='word_1_325' title='bbox 1242 2083 1402 2134; x_wconf 81' lang='lat' dir='ltr'><strong>reginae</strong></span> <span class='ocrx_word' id='word_1_326' title='bbox 1425 2084 1580 2123; x_wconf 82' lang='lat' dir='ltr'><strong>Siciliae</strong></span> <span class='ocrx_word' id='word_1_327' title='bbox 1614 2094 1654 2123; x_wconf 89' lang='lat' dir='ltr'><strong>et</strong></span> <span class='ocrx_word' id='word_1_328' title='bbox 1689 2086 1769 2123; x_wconf 84' lang='lat' dir='ltr'><strong>filio</strong></span> 
     </span>
     <span class='ocr_line' id='line_1_33' title="bbox 77 2141 1768 2192; baseline 0.001 -12"><span class='ocrx_word' id='word_1_329' title='bbox 77 2142 164 2192; x_wconf 85' lang='lat' dir='ltr'><strong>ejus</strong></span> <span class='ocrx_word' id='word_1_330' title='bbox 195 2142 403 2180; x_wconf 91' lang='lat' dir='ltr'><strong>Ludovico</strong></span> <span class='ocrx_word' id='word_1_331' title='bbox 431 2156 503 2191; x_wconf 89' lang='lat' dir='ltr'><strong>pro</strong></span> <span class='ocrx_word' id='word_1_332' title='bbox 532 2141 720 2179; x_wconf 88' lang='lat' dir='ltr'><strong>omnibus</strong></span> <span class='ocrx_word' id='word_1_333' title='bbox 749 2141 1069 2191; x_wconf 89' lang='lat' dir='ltr'><strong>possessionibus</strong></span> <span class='ocrx_word' id='word_1_334' title='bbox 1099 2156 1199 2191; x_wconf 91' lang='lat' dir='ltr'><strong>quas</strong></span> <span class='ocrx_word' id='word_1_335' title='bbox 1228 2143 1408 2181; x_wconf 89' lang='lat' dir='ltr'><strong>habebat</strong></span> <span class='ocrx_word' id='word_1_336' title='bbox 1436 2143 1476 2180; x_wconf 92' lang='lat' dir='ltr'><strong>in</strong></span> <span class='ocrx_word' id='word_1_337' title='bbox 1505 2144 1768 2182; x_wconf 83' lang='lat' dir='ltr'><strong>comitatibus</strong></span> 
     </span>
     <span class='ocr_line' id='line_1_34' title="bbox 80 2200 1768 2252; baseline 0.001 -13"><span class='ocrx_word' id='word_1_338' title='bbox 80 2201 317 2240; x_wconf 87' lang='lat' dir='ltr'><strong>Provinciae</strong></span> <span class='ocrx_word' id='word_1_339' title='bbox 342 2209 382 2239; x_wconf 91' lang='lat' dir='ltr'><strong>et</strong></span> <span class='ocrx_word' id='word_1_340' title='bbox 409 2200 696 2250; x_wconf 84' lang='lat' dir='ltr'><strong>Forcalquerii,</strong></span> <span class='ocrx_word' id='word_1_341' title='bbox 721 2200 783 2238; x_wconf 92' lang='lat' dir='ltr'><strong>uti</strong></span> <span class='ocrx_word' id='word_1_342' title='bbox 806 2200 954 2250; x_wconf 82' lang='lat' dir='ltr'><strong>legitur</strong></span> <span class='ocrx_word' id='word_1_343' title='bbox 977 2201 1018 2238; x_wconf 90' lang='lat' dir='ltr'><strong>in</strong></span> <span class='ocrx_word' id='word_1_344' title='bbox 1039 2201 1182 2238; x_wconf 63' lang='lat' dir='ltr'><strong>Diarz&#39;o</strong></span> <span class='ocrx_word' id='word_1_345' title='bbox 1217 2201 1271 2251; x_wconf 88' lang='lat' dir='ltr'>[p.</span> <span class='ocrx_word' id='word_1_346' title='bbox 1299 2201 1388 2251; x_wconf 80' lang='lat'>196]</span> <span class='ocrx_word' id='word_1_347' title='bbox 1415 2202 1592 2252; x_wconf 86' lang='lat' dir='ltr'><strong>episcopi</strong></span> <span class='ocrx_word' id='word_1_348' title='bbox 1621 2203 1768 2241; x_wconf 88' lang='lat' dir='ltr'><strong>Carno-</strong></span> 
     </span>
     <span class='ocr_line' id='line_1_35' title="bbox 76 2259 1770 2310; baseline 0.001 -12"><span class='ocrx_word' id='word_1_349' title='bbox 76 2260 201 2299; x_wconf 89' lang='lat' dir='ltr'><strong>tensis</strong></span> <span class='ocrx_word' id='word_1_350' title='bbox 221 2260 281 2297; x_wconf 90' lang='lat' dir='ltr'><strong>his</strong></span> <span class='ocrx_word' id='word_1_351' title='bbox 301 2259 433 2298; x_wconf 88' lang='lat' dir='ltr'><strong>verbis</strong></span> <span class='ocrx_word' id='word_1_352' title='bbox 448 2276 454 2297; x_wconf 91' lang='lat'><strong>:</strong></span> <span class='ocrx_word' id='word_1_353' title='bbox 469 2259 522 2297; x_wconf 89' lang='lat' dir='ltr'><strong>Ce</strong></span> <span class='ocrx_word' id='word_1_354' title='bbox 538 2259 628 2309; x_wconf 75' lang='lat' dir='ltr'><strong>jour</strong></span> <span class='ocrx_word' id='word_1_355' title='bbox 644 2260 677 2296; x_wconf 83' lang='lat' dir='ltr'><strong>le</strong></span> <span class='ocrx_word' id='word_1_356' title='bbox 693 2259 878 2308; x_wconf 70' lang='lat' dir='ltr'><strong>seigneur</strong></span> <span class='ocrx_word' id='word_1_357' title='bbox 895 2260 938 2296; x_wconf 75' lang='lat' dir='ltr'><strong>de</strong></span> <span class='ocrx_word' id='word_1_358' title='bbox 954 2259 1076 2296; x_wconf 79' lang='lat' dir='ltr'><strong>Cuers</strong></span> <span class='ocrx_word' id='word_1_359' title='bbox 1094 2274 1238 2297; x_wconf 84' lang='lat' dir='ltr'><strong>comme</strong></span> <span class='ocrx_word' id='word_1_360' title='bbox 1252 2275 1465 2310; x_wconf 72' lang='lat' dir='ltr'><strong>procureur</strong></span> <span class='ocrx_word' id='word_1_361' title='bbox 1479 2263 1524 2299; x_wconf 81' lang='lat' dir='ltr'><strong>cle</strong></span> <span class='ocrx_word' id='word_1_362' title='bbox 1545 2262 1770 2300; x_wconf 72' lang='lat' dir='ltr'><strong>Gaillaume</strong></span> 
     </span>
     <span class='ocr_line' id='line_1_36' title="bbox 30 2317 1769 2370; baseline 0.001 -14"><span class='ocrx_word' id='word_1_363' title='bbox 30 2317 33 2320; x_wconf 72' lang='grc'><strong>’</strong></span> <span class='ocrx_word' id='word_1_364' title='bbox 77 2320 129 2357; x_wconf 74' lang='lat' dir='ltr'><strong>du</strong></span> <span class='ocrx_word' id='word_1_365' title='bbox 152 2320 291 2368; x_wconf 54' lang='lat' dir='ltr'><strong>Pheget,</strong></span> <span class='ocrx_word' id='word_1_366' title='bbox 315 2332 481 2367; x_wconf 75' lang='lat' dir='ltr'><strong>segnem·</strong></span> <span class='ocrx_word' id='word_1_367' title='bbox 504 2319 547 2356; x_wconf 86' lang='lat' dir='ltr'><strong>de</strong></span> <span class='ocrx_word' id='word_1_368' title='bbox 570 2319 609 2356; x_wconf 82' lang='lat' dir='ltr'><strong>la</strong></span> <span class='ocrx_word' id='word_1_369' title='bbox 638 2317 777 2365; x_wconf 79' lang='lat' dir='ltr'><strong>Garde,</strong></span> <span class='ocrx_word' id='word_1_370' title='bbox 803 2318 867 2367; x_wconf 78' lang='lat' dir='ltr'><strong>fist</strong></span> <span class='ocrx_word' id='word_1_371' title='bbox 889 2319 1091 2367; x_wconf 80' lang='lat' dir='ltr'><strong>hommage</strong></span> <span class='ocrx_word' id='word_1_372' title='bbox 1115 2319 1190 2368; x_wconf 78' lang='lat' dir='ltr'><strong>lige</strong></span> <span class='ocrx_word' id='word_1_373' title='bbox 1214 2323 1237 2357; x_wconf 75' lang='grc' dir='ltr'><em>ἀ</em></span> <span class='ocrx_word' id='word_1_374' title='bbox 1262 2320 1449 2357; x_wconf 55' lang='lat' dir='ltr'><strong>[Madame</strong></span> <span class='ocrx_word' id='word_1_375' title='bbox 1477 2328 1511 2358; x_wconf 77' lang='lat' dir='ltr'><strong>et</strong></span> <span class='ocrx_word' id='word_1_376' title='bbox 1532 2335 1585 2358; x_wconf 73' lang='lat' dir='ltr'><strong>aa</strong></span> <span class='ocrx_word' id='word_1_377' title='bbox 1608 2335 1675 2370; x_wconf 71' lang='lat' dir='ltr'><strong>roy</strong></span> <span class='ocrx_word' id='word_1_378' title='bbox 1698 2335 1769 2358; x_wconf 76' lang='lat' dir='ltr'><strong>son</strong></span> 
     </span>
     <span class='ocr_line' id='line_1_37' title="bbox 77 2377 1764 2428; baseline 0.001 -12"><span class='ocrx_word' id='word_1_379' title='bbox 77 2379 140 2428; x_wconf 77' lang='lat' dir='ltr'><strong>fils</strong></span> <span class='ocrx_word' id='word_1_380' title='bbox 159 2379 203 2416; x_wconf 84' lang='lat' dir='ltr'><strong>de</strong></span> <span class='ocrx_word' id='word_1_381' title='bbox 221 2386 302 2415; x_wconf 78' lang='lat' dir='ltr'><strong>tout</strong></span> <span class='ocrx_word' id='word_1_382' title='bbox 319 2391 357 2414; x_wconf 82' lang='lat' dir='ltr'><strong>ce</strong></span> <span class='ocrx_word' id='word_1_383' title='bbox 376 2392 446 2427; x_wconf 74' lang='lat' dir='ltr'><strong>que</strong></span> <span class='ocrx_word' id='word_1_384' title='bbox 467 2377 496 2415; x_wconf 81' lang='lat' dir='ltr'><strong>il</strong></span> <span class='ocrx_word' id='word_1_385' title='bbox 513 2377 609 2415; x_wconf 80' lang='lat' dir='ltr'><strong>tient</strong></span> <span class='ocrx_word' id='word_1_386' title='bbox 625 2391 673 2414; x_wconf 87' lang='lat' dir='ltr'><strong>en</strong></span> <span class='ocrx_word' id='word_1_387' title='bbox 692 2378 885 2415; x_wconf 68' lang='lat' dir='ltr'><strong>Provence</strong></span> <span class='ocrx_word' id='word_1_388' title='bbox 904 2385 937 2414; x_wconf 82' lang='lat' dir='ltr'><strong>et</strong></span> <span class='ocrx_word' id='word_1_389' title='bbox 956 2378 1220 2427; x_wconf 76' lang='lat' dir='ltr'><strong>Forcalquier,</strong></span> <span class='ocrx_word' id='word_1_390' title='bbox 1241 2392 1400 2428; x_wconf 77' lang='lat' dir='ltr'><strong>presens</strong></span> <span class='ocrx_word' id='word_1_391' title='bbox 1419 2380 1451 2416; x_wconf 81' lang='lat' dir='ltr'><strong>le</strong></span> <span class='ocrx_word' id='word_1_392' title='bbox 1469 2380 1547 2416; x_wconf 70' lang='lat' dir='ltr'><strong>sire</strong></span> <span class='ocrx_word' id='word_1_393' title='bbox 1572 2380 1615 2417; x_wconf 83' lang='lat' dir='ltr'><strong>de</strong></span> <span class='ocrx_word' id='word_1_394' title='bbox 1636 2380 1764 2417; x_wconf 86' lang='lat' dir='ltr'><strong>Mont-</strong></span> 
     </span>
     <span class='ocr_line' id='line_1_38' title="bbox 74 2436 1768 2488; baseline 0.001 -13"><span class='ocrx_word' id='word_1_395' title='bbox 74 2438 234 2487; x_wconf 74' lang='lat' dir='ltr'><strong>faucon,</strong></span> <span class='ocrx_word' id='word_1_396' title='bbox 269 2437 426 2474; x_wconf 73' lang='lat' dir='ltr'><strong>mess-ire</strong></span> <span class='ocrx_word' id='word_1_397' title='bbox 457 2436 599 2474; x_wconf 82' lang='lat' dir='ltr'><strong>Robert</strong></span> <span class='ocrx_word' id='word_1_398' title='bbox 630 2436 674 2474; x_wconf 83' lang='lat' dir='ltr'><strong>de</strong></span> <span class='ocrx_word' id='word_1_399' title='bbox 702 2437 850 2483; x_wconf 71' lang='lat' dir='ltr'><strong>Dreux,</strong></span> <span class='ocrx_word' id='word_1_400' title='bbox 883 2444 959 2474; x_wconf 89' lang='lat' dir='ltr'><strong>etc.</strong></span> <span class='ocrx_word' id='word_1_401' title='bbox 998 2436 1141 2475; x_wconf 86' lang='lat' dir='ltr'><strong>Eidem</strong></span> <span class='ocrx_word' id='word_1_402' title='bbox 1173 2437 1354 2486; x_wconf 81' lang='lat' dir='ltr'><strong>reginam</strong></span> <span class='ocrx_word' id='word_1_403' title='bbox 1386 2437 1524 2476; x_wconf 85' lang='lat' dir='ltr'><strong>fecisse</strong></span> <span class='ocrx_word' id='word_1_404' title='bbox 1558 2438 1768 2488; x_wconf 84' lang='lat' dir='ltr'><strong>quoddam</strong></span> 
     </span>
     <span class='ocr_line' id='line_1_39' title="bbox 76 2494 1766 2548; baseline 0 -14"><span class='ocrx_word' id='word_1_405' title='bbox 76 2496 232 2536; x_wconf 88' lang='lat' dir='ltr'><strong>donum</strong></span> <span class='ocrx_word' id='word_1_406' title='bbox 246 2495 309 2533; x_wconf 88' lang='lat' dir='ltr'><strong>die</strong></span> <span class='ocrx_word' id='word_1_407' title='bbox 324 2510 412 2532; x_wconf 84' lang='lat' dir='ltr'><strong>xxn</strong></span> <span class='ocrx_word' id='word_1_408' title='bbox 429 2494 636 2544; x_wconf 89' lang='lat' dir='ltr'><strong>sequentis</strong></span> <span class='ocrx_word' id='word_1_409' title='bbox 652 2494 800 2533; x_wconf 91' lang='lat' dir='ltr'><strong>mensis</strong></span> <span class='ocrx_word' id='word_1_410' title='bbox 816 2495 1039 2534; x_wconf 88' lang='lat' dir='ltr'><strong>decembris</strong></span> <span class='ocrx_word' id='word_1_411' title='bbox 1056 2495 1231 2533; x_wconf 87' lang='lat' dir='ltr'><strong>adnotat</strong></span> <span class='ocrx_word' id='word_1_412' title='bbox 1250 2496 1358 2535; x_wconf 89' lang='lat' dir='ltr'><strong>idem</strong></span> <span class='ocrx_word' id='word_1_413' title='bbox 1370 2496 1583 2546; x_wconf 88' lang='lat' dir='ltr'><strong>episcopus</strong></span> <span class='ocrx_word' id='word_1_414' title='bbox 1603 2496 1658 2547; x_wconf 91' lang='lat' dir='ltr'>[p.</span> <span class='ocrx_word' id='word_1_415' title='bbox 1676 2497 1766 2548; x_wconf 82' lang='grc'>213]</span> 
     </span>
     <span class='ocr_line' id='line_1_40' title="bbox 77 2553 1768 2605; baseline 0 -12"><span class='ocrx_word' id='word_1_416' title='bbox 77 2555 147 2605; x_wconf 90' lang='lat' dir='ltr'><strong>qui</strong></span> <span class='ocrx_word' id='word_1_417' title='bbox 179 2563 267 2593; x_wconf 88' lang='lat' dir='ltr'><strong>erat</strong></span> <span class='ocrx_word' id='word_1_418' title='bbox 299 2553 562 2593; x_wconf 84' lang='lat' dir='ltr'><strong>cancellarius</strong></span> <span class='ocrx_word' id='word_1_419' title='bbox 597 2553 758 2604; x_wconf 84' lang='lat' dir='ltr'><strong>reginae</strong></span> <span class='ocrx_word' id='word_1_420' title='bbox 787 2570 794 2592; x_wconf 92' lang='lat'>:</span> <span class='ocrx_word' id='word_1_421' title='bbox 834 2554 1027 2591; x_wconf 61' lang='lat' dir='ltr'><strong>Vendredi</strong></span> <span class='ocrx_word' id='word_1_422' title='bbox 1066 2555 1197 2592; x_wconf 73' lang='lat' dir='ltr'><strong>scellee</strong></span> <span class='ocrx_word' id='word_1_423' title='bbox 1230 2569 1305 2592; x_wconf 78' lang='lat' dir='ltr'><strong>une</strong></span> <span class='ocrx_word' id='word_1_424' title='bbox 1337 2556 1425 2592; x_wconf 81' lang='lat' dir='ltr'><strong>letre</strong></span> <span class='ocrx_word' id='word_1_425' title='bbox 1457 2570 1526 2605; x_wconf 86' lang='grc' dir='ltr'><strong>ρνο</strong></span> <span class='ocrx_word' id='word_1_426' title='bbox 1562 2556 1768 2593; x_wconf 77' lang='lat' dir='ltr'><strong>Guillelmo</strong></span> 
     </span>
     <span class='ocr_line' id='line_1_41' title="bbox 75 2612 1768 2665; baseline 0 -13"><span class='ocrx_word' id='word_1_427' title='bbox 75 2615 120 2652; x_wconf 84' lang='lat' dir='ltr'><strong>de</strong></span> <span class='ocrx_word' id='word_1_428' title='bbox 134 2615 283 2663; x_wconf 78' lang='lat' dir='ltr'><strong>Pugeto</strong></span> <span class='ocrx_word' id='word_1_429' title='bbox 301 2614 345 2651; x_wconf 84' lang='lat' dir='ltr'><strong>de</strong></span> <span class='ocrx_word' id='word_1_430' title='bbox 371 2627 446 2650; x_wconf 76' lang='lat' dir='ltr'><strong>une</strong></span> <span class='ocrx_word' id='word_1_431' title='bbox 465 2612 653 2650; x_wconf 78' lang='lat' dir='ltr'><strong>donation</strong></span> <span class='ocrx_word' id='word_1_432' title='bbox 679 2616 703 2650; x_wconf 82' lang='grc' dir='ltr'><em>ὰ</em></span> <span class='ocrx_word' id='word_1_433' title='bbox 723 2612 751 2650; x_wconf 78' lang='lat' dir='ltr'><strong>li</strong></span> <span class='ocrx_word' id='word_1_434' title='bbox 771 2613 878 2661; x_wconf 75' lang='lat' dir='ltr'><strong>faite.</strong></span> <span class='ocrx_word' id='word_1_435' title='bbox 906 2613 980 2651; x_wconf 87' lang='lat' dir='ltr'><strong>Hic</strong></span> <span class='ocrx_word' id='word_1_436' title='bbox 1002 2613 1239 2651; x_wconf 87' lang='lat' dir='ltr'><strong>Guillelmus</strong></span> <span class='ocrx_word' id='word_1_437' title='bbox 1259 2628 1429 2652; x_wconf 84' lang='lat' dir='ltr'><strong>uxorem</strong></span> <span class='ocrx_word' id='word_1_438' title='bbox 1451 2614 1596 2652; x_wconf 90' lang='lat' dir='ltr'><strong>habuit</strong></span> <span class='ocrx_word' id='word_1_439' title='bbox 1619 2614 1768 2665; x_wconf 85' lang='lat' dir='ltr'><strong>Luqui—</strong></span> 
     </span>
     <span class='ocr_line' id='line_1_42' title="bbox 76 2671 1767 2712; baseline 0.001 -2"><span class='ocrx_word' id='word_1_440' title='bbox 76 2687 172 2711; x_wconf 90' lang='lat' dir='ltr'><strong>nam</strong></span> <span class='ocrx_word' id='word_1_441' title='bbox 192 2673 240 2711; x_wconf 93' lang='lat' dir='ltr'><strong>de</strong></span> <span class='ocrx_word' id='word_1_442' title='bbox 263 2671 495 2710; x_wconf 88' lang='lat' dir='ltr'><strong>Grimaldis.</strong></span> <span class='ocrx_word' id='word_1_443' title='bbox 521 2671 694 2710; x_wconf 89' lang='lat' dir='ltr'><strong>Moriens</strong></span> <span class='ocrx_word' id='word_1_444' title='bbox 725 2679 865 2709; x_wconf 86' lang='lat' dir='ltr'><strong>autem</strong></span> <span class='ocrx_word' id='word_1_445' title='bbox 894 2671 996 2709; x_wconf 88' lang='lat' dir='ltr'><strong>circa</strong></span> <span class='ocrx_word' id='word_1_446' title='bbox 1027 2686 1182 2710; x_wconf 88' lang='lat' dir='ltr'><strong>annum</strong></span> <span class='ocrx_word' id='word_1_447' title='bbox 1209 2672 1467 2712; x_wconf 89' lang='lat' dir='ltr'><strong>millesimum</strong></span> <span class='ocrx_word' id='word_1_448' title='bbox 1495 2674 1767 2712; x_wconf 89' lang='lat' dir='ltr'><strong>CCCCXLIII</strong></span> 
     </span>
     <span class='ocr_line' id='line_1_43' title="bbox 75 2730 1769 2781; baseline 0.001 -11"><span class='ocrx_word' id='word_1_449' title='bbox 75 2732 243 2770; x_wconf 87' lang='lat' dir='ltr'><strong>unicum</strong></span> <span class='ocrx_word' id='word_1_450' title='bbox 293 2730 423 2770; x_wconf 87' lang='lat' dir='ltr'><strong>filium</strong></span> <span class='ocrx_word' id='word_1_451' title='bbox 476 2730 639 2780; x_wconf 84' lang='lat' dir='ltr'><strong>reliquit</strong></span> <span class='ocrx_word' id='word_1_452' title='bbox 686 2730 847 2768; x_wconf 86' lang='lat' dir='ltr'><strong>nomine</strong></span> <span class='ocrx_word' id='word_1_453' title='bbox 906 2730 1180 2777; x_wconf 87' lang='lat' dir='ltr'><strong>Guillelmum,</strong></span> <span class='ocrx_word' id='word_1_454' title='bbox 1230 2731 1299 2781; x_wconf 89' lang='lat' dir='ltr'><strong>qui</strong></span> <span class='ocrx_word' id='word_1_455' title='bbox 1346 2746 1453 2770; x_wconf 91' lang='lat' dir='ltr'><strong>anno</strong></span> <span class='ocrx_word' id='word_1_456' title='bbox 1500 2731 1769 2771; x_wconf 87' lang='lat' dir='ltr'><strong>MCCCCLXI</strong></span> 
     </span>
     <span class='ocr_line' id='line_1_44' title="bbox 75 2789 1770 2841; baseline 0 -11"><span class='ocrx_word' id='word_1_457' title='bbox 75 2791 282 2830; x_wconf 87' lang='lat' dir='ltr'><strong>extinctus</strong></span> <span class='ocrx_word' id='word_1_458' title='bbox 309 2798 385 2836; x_wconf 87' lang='lat' dir='ltr'><strong>est,</strong></span> <span class='ocrx_word' id='word_1_459' title='bbox 409 2789 520 2829; x_wconf 86' lang='lat' dir='ltr'><strong>nulla</strong></span> <span class='ocrx_word' id='word_1_460' title='bbox 548 2790 658 2839; x_wconf 87' lang='lat' dir='ltr'><strong>prole</strong></span> <span class='ocrx_word' id='word_1_461' title='bbox 685 2789 837 2827; x_wconf 89' lang='lat' dir='ltr'><strong>relicta.</strong></span> <span class='ocrx_word' id='word_1_462' title='bbox 865 2789 1115 2827; x_wconf 85' lang='lat' dir='ltr'><strong>Bertrandus</strong></span> <span class='ocrx_word' id='word_1_463' title='bbox 1143 2804 1238 2828; x_wconf 89' lang='lat' dir='ltr'><strong>vero</strong></span> <span class='ocrx_word' id='word_1_464' title='bbox 1264 2789 1368 2828; x_wconf 88' lang='lat' dir='ltr'><strong>illius</strong></span> <span class='ocrx_word' id='word_1_465' title='bbox 1403 2799 1574 2841; x_wconf 91' lang='lat' dir='ltr'><strong>patruus</strong></span> <span class='ocrx_word' id='word_1_466' title='bbox 1600 2806 1770 2830; x_wconf 85' lang='lat' dir='ltr'><strong>uxorem</strong></span> 
     </span>
    </p>
   </div>
   <div class='ocr_carea' id='block_1_3' title="bbox 90 2916 1770 3135">
    <p class='ocr_par' dir='ltr' id='par_1_9' title="bbox 90 2916 1770 3135">
     <span class='ocr_line' id='line_1_45' title="bbox 127 2916 1770 2975; baseline 0 -11"><span class='ocrx_word' id='word_1_467' title='bbox 127 2932 159 2964; x_wconf 90' lang='lat'>1.</span> <span class='ocrx_word' id='word_1_468' title='bbox 180 2931 351 2975; x_wconf 87' lang='lat' dir='ltr'><strong>Epistola</strong></span> <span class='ocrx_word' id='word_1_469' title='bbox 372 2916 461 2962; x_wconf 37' lang='lat' dir='ltr'>Lx&#39;w</span> <span class='ocrx_word' id='word_1_470' title='bbox 484 2930 627 2962; x_wconf 87' lang='lat' dir='ltr'><strong>Nicolai</strong></span> <span class='ocrx_word' id='word_1_471' title='bbox 647 2930 691 2962; x_wconf 88' lang='lat' dir='ltr'><strong>de</strong></span> <span class='ocrx_word' id='word_1_472' title='bbox 712 2930 932 2974; x_wconf 85' lang='lat' dir='ltr'><strong>Clemengiis</strong></span> <span class='ocrx_word' id='word_1_473' title='bbox 953 2930 1044 2963; x_wconf 88' lang='lat' dir='ltr'><strong>data</strong></span> <span class='ocrx_word' id='word_1_474' title='bbox 1063 2936 1120 2963; x_wconf 88' lang='lat' dir='ltr'><strong>est</strong></span> <span class='ocrx_word' id='word_1_475' title='bbox 1139 2931 1187 2963; x_wconf 89' lang='lat' dir='ltr'><strong>ad</strong></span> <span class='ocrx_word' id='word_1_476' title='bbox 1207 2929 1398 2964; x_wconf 86' lang='lat' dir='ltr'><strong>Joannem</strong></span> <span class='ocrx_word' id='word_1_477' title='bbox 1411 2932 1455 2964; x_wconf 88' lang='lat' dir='ltr'><strong>de</strong></span> <span class='ocrx_word' id='word_1_478' title='bbox 1477 2931 1770 2965; x_wconf 87' lang='lat' dir='ltr'><strong>Pedemontium</strong></span> 
     </span>
     <span class='ocr_line' id='line_1_46' title="bbox 90 2984 838 3079; baseline -0.001 -9"><span class='ocrx_word' id='word_1_479' title='bbox 90 2984 323 3078; x_wconf 50' lang='grc' dir='ltr'><strong>[Βέυὸῗιέῐὶί</strong></span> <span class='ocrx_word' id='word_1_480' title='bbox 345 3042 383 3068; x_wconf 85' lang='lat' dir='ltr'><strong>et</strong></span> <span class='ocrx_word' id='word_1_481' title='bbox 410 3036 570 3075; x_wconf 87' lang='lat' dir='ltr'><strong>Echard,</strong></span> <span class='ocrx_word' id='word_1_482' title='bbox 596 3041 623 3068; x_wconf 89' lang='lat' dir='ltr'><strong>t.</strong></span> <span class='ocrx_word' id='word_1_483' title='bbox 646 3048 671 3074; x_wconf 92' lang='lat'><strong>1,</strong></span> <span class='ocrx_word' id='word_1_484' title='bbox 697 3048 731 3079; x_wconf 93' lang='lat' dir='ltr'>p.</span> <span class='ocrx_word' id='word_1_485' title='bbox 758 3036 838 3069; x_wconf 81' lang='lat'>702.</span> 
     </span>
     <span class='ocr_line' id='line_1_47' title="bbox 129 3088 1537 3135; baseline 0.001 -12"><span class='ocrx_word' id='word_1_486' title='bbox 129 3092 160 3124; x_wconf 90' lang='grc'><strong>3.</strong></span> <span class='ocrx_word' id='word_1_487' title='bbox 191 3089 240 3122; x_wconf 92' lang='lat' dir='ltr'><strong>Le</strong></span> <span class='ocrx_word' id='word_1_488' title='bbox 268 3089 313 3122; x_wconf 82' lang='lat'><strong>14</strong></span> <span class='ocrx_word' id='word_1_489' title='bbox 341 3089 488 3132; x_wconf 83' lang='lat' dir='ltr'><strong>d’apres</strong></span> <span class='ocrx_word' id='word_1_490' title='bbox 515 3088 707 3122; x_wconf 80' lang='lat' dir='ltr'><strong>Ro&#39;mische</strong></span> <span class='ocrx_word' id='word_1_491' title='bbox 733 3089 1014 3132; x_wconf 75' lang='lat' dir='ltr'><strong>Quartalschrift</strong></span> <span class='ocrx_word' id='word_1_492' title='bbox 1043 3089 1082 3132; x_wconf 86' lang='lat' dir='ltr'><strong>(t.</strong></span> <span class='ocrx_word' id='word_1_493' title='bbox 1112 3101 1181 3122; x_wconf 81' lang='lat' dir='ltr'><strong>X1x</strong></span> <span class='ocrx_word' id='word_1_494' title='bbox 1211 3090 1410 3134; x_wconf 38' lang='lat' dir='ltr'>(1905)‚‚p.</span> <span class='ocrx_word' id='word_1_495' title='bbox 1439 3090 1537 3135; x_wconf 89' lang='grc'>165).</span> 
     </span>
    </p>
   </div>
  </div>
 </body>
</html>
