2083 3458
65 241 216 296 [1342]
585 259 800 284 PAPARUM
836 260 1218 285 AVENIONENSIUM
1665 245 1748 286 857

48 339 278 390 penultima
304 341 546 389 septembris
571 356 609 379 se
636 357 849 391 nunquam
872 343 923 379 ab
948 357 993 380 ea
1018 357 1283 381 recessurum.
1311 343 1439 380 Extat
1463 342 1549 392 ejus
1574 342 1746 392 epistola

49 398 92 436 in
114 398 258 439 eodem
280 399 417 438 codice
440 400 596 438 archivi
619 401 716 450 regii
734 401 747 423 1
773 401 1022 440 parisiensis.

105 458 224 495 Anno
248 458 415 496 MCCCC
437 458 546 497 idem
570 460 786 498 cardinalis
810 460 922 499 misit
944 461 995 499 ad
1018 461 1161 500 urbem
1191 460 1529 511 Monspeliensem
1551 461 1592 498 in
1616 460 1745 498 Gallia

57 517 312 555 Narbonensi
340 532 381 555 os
409 532 428 555 e
456 519 593 556 cranio
620 519 751 557 sancti
779 520 947 558 Cosmae
976 520 1167 568 martyris
1196 520 1477 569 reponendum
1511 520 1551 556 in
1579 519 1745 558 ecclesia

55 576 300 614 Sanctorum
321 576 489 615 Cosmae
509 586 550 615 et
574 578 777 625 Damiani,
799 580 914 628 cujus
936 579 1044 629 prior
1063 587 1151 617 erat
1173 579 1356 625 Heliseus
1378 594 1501 628 nepos
1522 579 1622 627 ejus.
1646 578 1745 616 Vide

56 635 277 673 Gariellum
296 636 336 673 in
355 636 463 674 Serzsse
482 638 712 685 praesulum
731 638 954 686 illagalon„
973 647 1079 688 part.
1105 639 1157 685 H,
1178 654 1215 688 p.
1238 638 1324 675 118.

109 695 264 733 Obiisse
287 709 382 733 eum
397 694 411 717 ²
425 709 533 733 anno
556 696 799 743 MCCCCIV,
820 697 882 735 die
907 712 1012 735 nona
1029 697 1138 744 maii,
1160 697 1359 747 scriptum
1377 705 1438 734 est
1458 696 1499 734 in
1518 696 1619 734 libro
1639 696 1745 734 Obli-

55 761 272 802 gatzonum.

108 813 151 850 P.
169 813 259 860 493,
275 813 340 863 lig.
361 813 422 852 10.
441 814 636 852 Amemus
656 830 709 851 DE
731 816 975 853 LAUTREco.
998 816 1082 864 Ego
1099 830 1179 852 non
1195 829 1362 864 possum
1379 814 1566 852 assentiri
1583 814 1744 864 nuperis

49 871 277 910 >editoribus
310 873 462 910 Galliae
486 874 767 921 cliri'stianae3,
795 874 863 923 qui
889 889 982 912 cum
1008 882 1159 912 vocant
1190 874 1438 914 Ain-alricum
1474 889 1546 923 pro
1574 873 1743 911 Anielio.

55 930 213 982 Quippe
227 946 386 982 semper
399 940 440 970 et
453 932 605 982 ubique
622 942 794 971 vocatur
810 934 988 973 Ainelius
1004 934 1066 971 vel
1082 933 1289 971 Ainelinus
1303 949 1310 979 3
1325 933 1447 982 idque
1462 947 1610 970 nomen
1624 941 1745 970 antea

51 999 299 1040 usurpatum
330 991 372 1029 in
403 1005 449 1029 ea
483 1000 601 1041 gente
636 992 817 1030 ostendit
850 993 1063 1041 Catalogus
1095 993 1369 1042 episcoporum
1401 992 1675 1044 Castrensium
1705 992 1746 1029 in

53 1049 278 1099 Aquitania
310 1050 456 1100 prima,
487 1051 594 1089 inter
627 1066 727 1101 quos
758 1051 907 1101 legitur
942 1052 1117 1091 Amelius
1151 1052 1198 1089 de
1233 1053 1432 1089 Lautreco
1464 1051 1590 1088 abbas
1623 1059 1745 1088 antea

52 1109 193 1148 Sancti
213 1109 424 1147 Saturnini
443 1110 627 1157 Tolosae,
649 1125 771 1160 quem
788 1111 920 1149 virum
941 1111 1106 1149 illustris
1124 1110 1351 1148 nobilitatis
1369 1118 1490 1148 vocat
1507 1110 1745 1147 Guillelmus

48 1168 252 1206 Bardinus
294 1169 336 1206 in
377 1169 559 1207 Historia
603 1170 871 1218 chronologica
916 1171 1251 1219 parlamentorum
1301 1170 1462 1218 linguae
1504 1169 1701 1206 occitanae
1716 1168 1745 1207 4.

54 1227 233 1267 Afferam
250 1236 391 1267 autem
408 1228 495 1278 ipsa
513 1229 599 1278 ejus
622 1230 758 1275 verba,
779 1229 872 1278 quia
893 1230 1076 1267 nondum
1093 1238 1189 1267 sunt
1207 1229 1317 1267 edita
1339 1245 1346 1266 :
1366 1229 1451 1265 Hoc
1467 1242 1572 1265 anno
1591 1228 1645 1271 (id
1670 1235 1746 1274 est,

52 1286 316 1334 MCCCXIX}
348 1302 477 1325 mense
507 1288 605 1325 maii
628 1288 824 1326 Galterius
854 1290 897 1326 sle
920 1288 1143 1331 Nooavilla,
1174 1288 1347 1325 vicarius
1379 1288 1540 1324 Tolosae
1568 1295 1601 1324 et
1629 1286 1746 1324 castri

51 1344 327 1384 Narbonensis
365 1347 612 1396 gubernator,
654 1348 695 1385 in
733 1348 847 1385 curia
883 1347 1158 1397 inquisitionis·
1197 1347 1288 1396 fidei
1325 1346 1523 1384 accusavit
1559 1354 1747 1395 tanquam

50 1405 288 1443 haereticum
307 1406 540 1444 .¹1meli‘r1um
558 1408 602 1444 de
614 1407 816 1453 Lautreco,
831 1407 957 1444 virum
981 1407 1146 1444 illustris
1165 1405 1397 1452 nobilitatis,
1414 1406 1593 1443 abbatem
1611 1404 1746 1442 Sancti

52 1464 267 1502 Saturnini
281 1465 454 1503 civitatis
469 1466 644 1509 Tolosae,
660 1475 693 1503 et
708 1466 768 1503 illi
785 1466 995 1515 imputavit
1007 1467 1108 1515 quod
1121 1465 1384 1515 praedicando
1397 1465 1575 1501 docuerat
1589 1464 1747 1501 animas

50 1538 97 1561 ex
112 1538 188 1561 sua
205 1524 374 1562 essentia
391 1539 472 1562 esse
491 1526 684 1572 mortales,
701 1526 770 1563 secl
787 1540 854 1575 per
873 1525 1043 1574 gratiam
1058 1525 1132 1562 Dei
1150 1525 1274 1573 jactas
1292 1538 1372 1561 esse
1392 1524 1639 1561 immortales.
1660 1523 1747 1571 Oua

50 1583 96 1620 de
117 1597 155 1620 re
173 1583 279 1632 jacta
301 1583 494 1634 inquesta,
516 1585 717 1634 cognitum
737 1585 816 1634 suit
830 1585 886 1622 'ab
909 1584 1213 1634 inquisitoribus
1237 1583 1328 1632 fidei
1350 1597 1515 1620 errorem
1536 1596 1615 1619 esse
1636 1596 1746 1619 aecu-

49 1642 192 1689 santiS‚
211 1656 290 1680 non
303 1643 497 1681 haeresim
512 1644 706 1685 accusati:
726 1652 759 1681 et
776 1658 843 1693 per
860 1644 1095 1681 sententiam
1109 1644 1312 1681 absolutus
1326 1642 1418 1691 suit,
1435 1657 1457 1679 a
1473 1656 1546 1691 qua
1563 1655 1745 1691 procura-

50 1709 107 1739 tor
144 1702 338 1750 generalis
374 1702 507 1751 regius
544 1703 760 1753 appellavit
796 1704 848 1740 ad
882 1704 1173 1752 parlamentum
1208 1701 1407 1739 Parisius.
1446 1701 1494 1738 Et
1529 1714 1597 1750 per
1623 1713 1748 1737 arres-

49 1768 134 1798 tum
170 1761 294 1798 latum
326 1761 388 1799 die
421 1762 610 1811 vigesima
642 1762 825 1811 januarii
860 1762 1144 1800 MCCCXXV
1174 1761 1363 1798 sententia
1399 1759 1647 1809 inquisitoris
1670 1758 1749 1807 fuit

47 1820 294 1870 confirmata.
329 1821 379 1858 Et
410 1821 472 1858 liis
504 1821 800 1859 turbationibus
832 1821 988 1871 sopitis,
1018 1821 1234 1871 episcopus,
1258 1819 1480 1857 Castrensis
1509 1819 1635 1868 jactus
1671 1817 1748 1866 fuit

10 1903 17 1908 -
48 1893 155 1916 anno
186 1879 353 1917 Domini
380 1880 588 1918 millesimo
622 1881 918 1918 CCCXXVII.
952 1881 1006 1918 De
1033 1879 1284 1929 antiquitate
1314 1893 1432 1928 porro
1466 1886 1506 1915 et
1533 1877 1746 1914 nobilitate

49 1937 166 1976 istius
193 1938 322 1988 gentis
349 1939 441 1978 vide
469 1940 732 1979 Guillelmum
758 1940 960 1978 Catelluin
985 1939 1022 1976 in
1053 1939 1262 1976 illemoriis
1281 1939 1368 1975 lzist.
1389 1937 1566 1981 oreiam„
1593 1952 1630 1986 p.
1657 1936 1746 1983 350,

106 2056 186 2095 Iste
217 2057 397 2097 Amelius
428 2057 507 2096 fuit
535 2058 668 2108 primo
699 2058 917 2096 canonicus
948 2057 1141 2107 regularis
1172 2056 1322 2094 ordinis
1353 2054 1484 2093 sancti
1515 2053 1746 2103 Augustini,

48 2115 194 2154 deinde
236 2116 380 2155 doctor
419 2117 692 2164 decretorum,
733 2117 951 2155 canonicus
992 2125 1032 2154 et
1073 2115 1335 2154 cancellarius
1376 2115 1599 2151 Tolosanus
1639 2127 1747 2151 anno

2 2200 8 2206 -
50 2175 373 2213 MCCCLXVIII
417 2175 459 2213 in
499 2176 669 2214 concilio
713 2176 924 2223 Vaurcnsi,
970 2184 1010 2213 et
1038 2172 1266 2225 ‘episeopus
1304 2175 1641 2220 Conseranorum,
1678 2171 1747 2209 ubi

46 2248 143 2273 eum
180 2234 329 2273 sedisse
370 2249 479 2273 anno
519 2234 818 2273 MCCCLXXV
858 2235 977 2273 docet
1019 2234 1279 2272 Oihenartus.
1322 2233 1424 2271 Sane
1468 2232 1509 2268 in
1557 2231 1747 2279 Catalogo

47 2293 323 2343 episcoporum
348 2293 454 2332 illius
485 2294 688 2333 Ecclesiae
716 2293 917 2344 reperitur
944 2293 1110 2343 quidem
1132 2292 1310 2332 Amelius
1338 2306 1445 2328 anno
1467 2290 1746 2328 MCCCLXXI

41 2361 90 2402 'et
106 2352 266 2403 aliquot
284 2353 566 2402 sequentibus.
590 2354 687 2391 Inde
707 2368 800 2403 ergo
820 2353 1045 2391 translatus
1064 2360 1125 2389 est
1144 2352 1196 2389 ad
1216 2352 1536 2396 Convenensem,
1555 2349 1625 2386 ubi
1644 2348 1741 2398 epis·

47 2425 198 2462 copum
222 2411 372 2461 agebat
396 2426 443 2450 eo
466 2420 651 2462 tempore
679 2427 759 2462 quo
784 2413 917 2450 factus
943 2420 1004 2449 est
1029 2410 1261 2449 cardinalis.
1288 2410 1338 2447 ob
1363 2410 1438 2446 hoc
1464 2409 1585 2457 vulgo
1612 2407 1745 2445 dictus

46 2470 265 2509 cardinalis
285 2471 587 2518 Convenarum,
605 2480 653 2509 ut
671 2479 787 2521 patet
806 2486 855 2509 ex
872 2478 1126 2509 testamento
1147 2468 1303 2518 Anglici
1321 2467 1550 2506 Grimoardi
1568 2466 1765 2516 episcopi

48 2529 305 2568 Albanensis.
340 2529 447 2578 Quid
478 2530 606 2580 egerit
637 2539 794 2580 postea,
828 2529 998 2568 ubinam
1031 2527 1215 2578 gentium
1246 2526 1428 2573 latuerit,
1462 2525 1633 2576 reperire
1667 2540 1745 2562 non

98 2646 130 2678 1.
161 2645 331 2679 Martene
360 2646 623 2689 (Amplissima
646 2647 813 2681 collectio,
842 2652 867 2678 t.
896 2658 957 2684 vn,
984 2645 1051 2677 col.
1079 2645 1176 2686 531).

100 2699 128 2731 2.
149 2698 220 2732 Sur
235 2699 344 2737 Jean‚
363 2699 444 2731 voir
462 2699 500 2733 P.
521 2699 683 2739 Pansier,
702 2700 770 2732 Les
786 2700 909 2732 liwrees
927 2700 966 2731 de
982 2699 1015 2731 Ia
1037 2698 1176 2739 Ver-gne
1191 2703 1220 2729 et
1237 2698 1278 2729 [Ie
1294 2697 1432 2734 Venise,
1452 2696 1543 2727 dans
1556 2694 1749 2726 Annuaire

49 2752 91 2784 de
107 2752 142 2784 la
158 2752 293 2785 Societe
309 2753 368 2785 cles
384 2752 493 2785 Amis
510 2753 558 2785 du
574 2753 696 2796 palais
713 2753 772 2785 des
787 2752 919 2795 Papes,
942 2752 1043 2791 1921,
1063 2763 1096 2794 p.
1117 2750 1236 2783 43-49.

98 2805 130 2838 3.
154 2805 208 2838 La
227 2804 485 2838 rectification
505 2816 526 2837 a
547 2807 605 2838 ete
627 2805 718 2838 faite
741 2805 834 2837 dans
857 2804 1029 2837 l⁷editi0n
1050 2804 1093 2836 de
1118 2804 1221 2841 1715,
1245 2809 1270 2835 t.
1292 2815 1315 2839 1,
1338 2802 1405 2834 col.
1430 2801 1534 2834 1103.

98 2859 130 2890 4.
158 2857 323 2891 Histoire
347 2858 388 2891 de
410 2858 641 2901 Languedoc,
669 2864 694 2891 t.
723 2870 760 2896 x,
787 2858 956 2896 Preiwes,
984 2857 1050 2889 col.
1078 2857 1134 2889 34.
1158 2875 1206 2878 Q
1226 2856 1363 2887 Baluze
1389 2854 1553 2887 confond
1579 2853 1623 2885 ici
1650 2853 1747 2884 deux

49 2922 303 2954 personnages
325 2911 607 2954 quixporterent
626 2911 677 2944 les
699 2913 838 2943 memes
858 2922 964 2942 noms
988 2923 994 2941 ε
1017 2909 1111 2941 celui
1128 2909 1191 2952 qui
1213 2909 1269 2941 fut
1293 2908 1388 2940 abbe
1411 2908 1453 2939 de
1474 2905 1747 2943 Saint—Scrnin,

49 2964 133 3007 puis
157 2965 300 3007 eveque
324 2964 368 2996 de
393 2964 541 2996 Castres
564 2970 602 2996 et
625 2964 689 3007 qui
713 2970 865 2996 mourut
890 2975 935 2995 en
959 2964 1064 3001 1337,
1089 2969 1126 2994 et
1150 2963 1179 2994 le
1202 2961 1369 2994 cardinal
1392 2961 1485 2992 dont
1508 2960 1531 2991 il
1554 2959 1666 3001 s'agit
1688 2957 1746 2996 ici,

49 3016 115 3060 qui
134 3017 194 3049 fut
213 3018 364 3050 nomme
383 3016 703 3050 successivement
724 3018 866 3059 eveque
888 3017 931 3048 de
952 3016 1159 3048 Conscrans
1180 3015 1210 3047 le
1232 3015 1275 3046 *19
1289 3015 1381 3046 aout
1401 3014 1506 3052 1370,
1520 3019 1558 3045 et
1578 3010 1749 3044 de‘Com-

49 3069 193 3113 minges
212 3070 244 3103 le
264 3071 309 3103 18
329 3070 405 3102 mai
424 3070 520 3103 1384
543 3070 690 3113 (Eubel,
712 3069 944 3108 Hierarchia,
967 3075 993 3101 t.
1013 3081 1036 3107 1,
1058 3080 1092 3111 p.
1113 3069 1180 3100 203
1201 3073 1238 3100 et
1259 3068 1355 3109 207).
1376 3066 1466 3098 Voir
1483 3078 1547 3098 sur
1562 3064 1684 3097 Amiel
1705 3064 1748 3096 dc

50 3122 214 3156 Lautreo
235 3123 413 3166 (Histoire
430 3123 470 3156 de
486 3123 716 3166 Languedoc,
738 3129 762 3155 t.
785 3121 862 3161 vn‘2‚
883 3122 950 3154 eol.
971 3121 1158 3161 557-572).
