2083 3458
285 228 372 269 820
940 236 1092 262 NOTAE
1126 237 1187 262 An
1221 236 1350 261 V1TAs
1844 210 1998 274 [1303]

286 326 440 377 junias,
468 325 520 362 ad
550 322 775 362 Ecclesiam
811 320 1127 368 Bituricensem,
1163 328 1212 358 ut
1249 320 1370 359 docet
1405 321 1618 371 Regestum
1655 320 1814 360 Urbani
1850 319 1999 371 quinti.

345 387 463 423 Anno
485 381 675 433 sequenti
695 380 798 419 obiit
823 396 864 418 111
893 380 983 419 idus
1015 380 1097 431 [11]
1124 379 1230 430 junii
1257 380 1464 419 Arnaldus
1488 380 1647 419 Alberti
1667 380 1999 431 archiepiscopus

293 444 541 483 Auscitanus
565 450 606 480 et
630 441 667 480 S.
695 441 742 479 R.
769 441 815 479 E.
840 439 1088 480 camerarius
1108 439 1135 478 1.
1160 440 1266 478 Tum
1287 454 1384 478 vero
1409 440 1625 491 Gregorius
1650 440 1713 478 XI
1735 455 1830 480 eum
1852 439 1999 490 magis-

289 513 451 543 tratum
477 501 654 541 contulit
678 501 722 538 in
745 501 855 538 hunc
881 498 1234 549 consanguineum
1259 514 1394 538 suum.
1423 500 1575 538 Errant
1599 500 1708 540 enim
1735 501 2000 540 vehementer

294 564 364 616 qui
385 570 540 614 putant
564 575 657 600 cum
683 559 899 611 Onuphrio
924 558 1126 597 Panvinio
1152 559 1299 598 datum
1321 559 1445 598 fuisse
1471 560 1593 598 Petro
1617 560 1666 598 de
1691 560 1846 610 Stagno
1870 558 2000 598 cardi-

293 623 376 662 nali
401 620 662 661 Bituricensi.

348 684 466 721 Anno
503 679 827 719 MCCCLXXIV
860 679 902 717 in
937 678 1135 717 cathedra
1170 678 1401 717 Arelatensi
1435 679 1663 718 successit²
1698 679 1915 718 Guillelmo
1951 678 1999 716 de

295 742 461 789 Gardia,
493 740 556 779 uti
593 740 752 779 dictum
780 747 842 778 est
876 752 1000 789 supra
1031 753 1071 789 p.
1102 738 1194 786 880,
1229 738 1352 789 idque
1393 738 1497 777 circa
1532 753 1714 779 mensem
1749 738 1919 786 maium,
1953 746 2001 775 ut

290 802 487 841 diximus.
524 802 625 848 Cum
659 799 769 839 enim
802 813 853 837 ex
884 806 1139 836 testamento
1168 797 1351 848 Gregorii
1385 797 1446 836 XI
1480 807 1642 837 constet
1676 800 1846 837 Petrum
1879 797 2001 836 fuisse

294 863 429 900 adhuc
471 859 827 910 archiepiscopum
856 857 1092 908 Biturigum
1130 871 1239 895 anno
1265 857 1590 896 MCCCLXXIV
1622 858 1686 897 die
1717 858 1862 908 quinta
1890 857 2002 905 maii,

293 921 562 968 manifestum
581 927 643 957 est
658 918 775 956 illum
789 917 977 956 nondum
995 917 1119 956 fuisse
1135 917 1388 955 translatum
1404 918 1456 955 ad
1474 918 1701 957 Ecclesiam
1719 918 2002 956 Arelatensem

294 982 478 1031 adeoque
507 979 772 1018 Guillelmum
803 978 939 1016 adhuc
971 977 1007 1015 ei
1037 976 1276 1028 praefuisse.

348 1042 466 1079 Anno
492 1038 815 1077 MCCCLXXVI
842 1043 1094 1076 secutusest
1121 1036 1362 1086 Gregorium
1389 1037 1450 1075 XI
1476 1046 1645 1076 euntem
1670 1037 1711 1075 in
1741 1037 1925 1084 ltaliam3
1951 1044 2000 1074 ut

291 1102 416 1139 >docet
436 1099 562 1138 etiam
585 1099 730 1137 Petrus
753 1097 901 1136 Amelii
920 1097 963 1134 in
986 1095 1229 1135 Itinerario3
1245 1090 1432 1146 ejusdem
1454 1097 1651 1147 Gregorii,
1668 1097 1739 1147 qui
1758 1111 1854 1136 eum
1873 1104 1998 1135 vocat

295 1160 595 1198 nobilissimum
634 1156 1104 1206 reverendissimumque
1145 1156 1417 1196 camerarium
1456 1156 1744 1207 apostolicum.

350 1221 468 1257 Anno
502 1217 871 1257 MCCCLXXVIII
904 1215 1070 1255 adstitit
1103 1215 1236 1254 eidem
1260 1216 1453 1266 Gregorio
1487 1216 1692 1269 morienti.
1717 1216 1849 1255 Testis
1876 1215 2000 1265 hujus

296 1280 352 1318 rei
367 1288 429 1318 est
444 1279 529 1329 ipse
548 1279 692 1316 Petrus
709 1277 751 1315 in
767 1290 839 1315 sua
857 1275 1129 1326 depositione,
1147 1275 1263 1325 cujus
1281 1276 1407 1314 Verba
1425 1276 1554 1314 relata
1571 1284 1669 1314 sunt
1685 1290 1808 1327 supra
1825 1291 1865 1327 p.
1885 1274 2002 1322 1224,

291 1354 390 1379 cum
410 1352 621 1389 ageremus
644 1338 693 1375 de
715 1336 909 1375 extremis
932 1335 1118 1386 ejusdem
1141 1335 1336 1385 Gregorii.
1361 1336 1506 1374 Petrus
1529 1350 1626 1374 vero
1647 1335 1893 1386 praevidens
1915 1343 2001 1373 tur-

296 1399 509 1437 bationem
543 1412 647 1447 quae
680 1405 824 1435 exorta
857 1404 934 1443 est,
971 1396 1209 1434 thesaurum
1242 1403 1283 1433 et
1315 1395 1495 1446 pretiosa
1529 1410 1717 1446 quaeque
1760 1403 2002 1434 ornamenta

300 1458 503 1497 Ecclesiae
527 1458 739 1495 Romanae
761 1455 909 1494 deferri
927 1455 1051 1505 jussit
1070 1454 1112 1492 in
1133 1463 1315 1495 castrum
1338 1455 1478 1493 Sancti
1500 1455 1644 1505 Angeli
1663 1455 1779 1494 velut
1798 1455 1840 1492 in
1867 1455 2003 1493 locum

295 1527 451 1557 tutum.
468 1517 556 1565 Quo
573 1517 684 1555 sacto
701 1515 923 1554 adversum
939 1529 979 1553 se
996 1514 1198 1553 excitavit
1213 1514 1507 1564 impotentiam
1522 1523 1563 1553 et
1579 1513 2004 1566 superbiloquentiam

301 1578 598 1624 Romanorum,
621 1575 690 1626 qui
712 1575 981 1614 minabantur
1002 1589 1042 1613 se
1064 1574 1100 1612 ei
1121 1583 1247 1624 caput
1269 1583 1560 1624 amputaturos
1576 1574 1618 1612 in
1633 1583 1856 1625 conspectu
1877 1573 2002 1624 ipsius

299 1637 435 1675 castri.
468 1637 526 1674 Ea
556 1635 728 1674 historia
757 1635 813 1674 sic
842 1643 1059 1673 enarratur
1087 1634 1129 1671 in
1157 1634 1244 1684 ejus
1275 1633 1581 1684 depositione4:
1606 1635 1704 1672 Item
1732 1634 1933 1672 dominica
1963 1633 2004 1670 in

298 1697 507 1744 Passione,
537 1695 795 1734 existentibus
825 1694 1000 1732 dominis
1029 1693 1304 1732 cardinalibus
1332 1701 1368 1732 et
1395 1693 1611 1732 camerario
1642 1694 1684 1731 in
1713 1694 1817 1732 dicta
1844 1693 2004 1731 ecclesia

299 1758 417 1794 Beate
443 1756 578 1793 Marie
603 1755 645 1792 in
671 1754 794 1792 missa
819 1768 964 1792 novene
989 1768 1060 1804 que
1085 1762 1177 1791 tunc
1204 1753 1454 1803 solempniter
1487 1754 1734 1801 cantabatur,
1759 1753 1839 1803 fuit
1863 1753 2003 1791 revela-

301 1825 382 1854 tum
402 1816 481 1866 ipsi
500 1815 659 1853 domino
677 1813 894 1852 camerario
912 1814 1014 1864 quod
1030 1812 1348 1863 aliquiRomani
1365 1813 1666 1851 insidiabantur
1681 1813 1763 1851 sibi
1780 1821 1814 1850 et
1828 1813 2006 1850 volebant

299 1891 389 1913 eum
405 1889 541 1925 capere
560 1875 602 1912 in
618 1874 726 1912 exitu
744 1873 862 1911 misse
876 1881 911 1910 et
927 1873 1063 1911 ducere
1080 1881 1169 1910 ante
1186 1881 1358 1910 castrum
1375 1872 1513 1910 Sancti
1531 1873 1692 1922 Angeli,
1711 1873 1781 1910 ubi
1796 1881 1888 1910 tunc
1904 1872 2006 1909 idem

301 1935 485 1973 dominus
513 1933 755 1972 camerarius
781 1933 925 1983 jecerat
949 1932 1047 1983 poni
1075 1932 1211 1970 omnia
1238 1933 1295 1970 vel
1320 1933 1458 1970 saltem
1486 1932 1674 1985 majorem
1700 1940 1853 1982 partem
1891 1932 2004 1969 bono-

263 1995 266 1997 ’
301 2010 389 2032 rum
408 2003 442 2032 et
457 1994 649 2044 jocalium
666 1992 881 2043 papalium
899 2000 933 2029 et
953 1992 1010 2029 ibi
1031 1992 1166 2042 ipsum
1184 1992 1406 2042 decapitare
1425 1992 1716 2040 ordinaverant,
1737 1992 1818 2029 nisi
1838 1992 2007 2029 redderet

301 2063 473 2092 castrum
497 2062 530 2091 et
554 2052 691 2090 omnia
716 2067 786 2102 que
813 2052 921 2089 intus
945 2060 1068 2090 erant.
1095 2052 1162 2089 Ad
1185 2066 1256 2101 que
1280 2052 1488 2101 previdens
1514 2052 1599 2102 ipse
1625 2051 1810 2089 dominus
1835 2065 2005 2089 camera-

302 2114 400 2161 rius,
426 2127 505 2150 non
529 2120 737 2163 empectans
763 2112 883 2161 finem
909 2111 1039 2158 misse,
1064 2111 1131 2148 sed
1153 2111 1288 2148 statim
1312 2112 1526 2148 ascendens
1558 2125 1714 2161 equum,
1739 2126 1829 2149 cum
1854 2110 2006 2148 modica

302 2172 485 2211 comitiva
513 2186 581 2222 per
610 2172 695 2209 vias
723 2171 904 2221 obliquas
932 2179 967 2208 et
992 2170 1135 2220 furtive
1163 2170 1340 2220 pervenit
1367 2171 1419 2208 ad
1447 2171 1548 2208 illud
1574 2179 1747 2208 castrum
1774 2178 1810 2208 et
1838 2169 2006 2207 interius

305 2232 480 2279 intravit,
512 2246 579 2269 nec
610 2231 775 2269 ulterius
805 2230 926 2268 exivit
956 2230 1037 2267 nisi
1068 2238 1155 2280 post
1185 2230 1362 2267 triduum
1393 2238 1479 2279 post
1511 2230 1868 2268 intronizationem.
1901 2229 2006 2266 Tum

303 2307 398 2330 vero
421 2291 579 2329 venisse
601 2305 695 2329 eum
716 2290 768 2327 ad
793 2290 1009 2327 Urbanum
1031 2298 1072 2327 et
1092 2298 1323 2339 reportasse
1345 2289 1490 2328 eadem
1510 2289 1658 2339 jocalia
1679 2297 1859 2328 testatus
1883 2297 1944 2327 est
1966 2288 2007 2326 in

302 2365 374 2389 sua
410 2350 665 2401 depositione
702 2344 879 2388 Thomas
916 2349 964 2387 de
1002 2349 1158 2393 Acervo
1194 2348 1407 2399 episcopus
1445 2349 1666 2387 Lucerinus
1688 2348 1703 2371 5
1740 2365 1746 2386 :
1788 2349 1885 2386 Item
1918 2356 2007 2385 ante

304 2411 449 2448 dictam
476 2410 766 2448 coronationem
795 2408 1052 2446 Camerarius
1080 2422 1198 2458 pape,
1226 2408 1322 2446 scito
1350 2423 1374 2446 a
1402 2408 1561 2446 domino
1590 2408 1860 2446 Lemovicensi
1887 2407 2007 2457 fratre

301 2484 373 2507 suo
404 2478 438 2507 et
467 2469 517 2507 ab
548 2469 643 2506 aliis
675 2468 849 2506 dominis
880 2467 1156 2506 cardinalibus
1188 2468 1255 2517 qui
1284 2468 1447 2517 fuerunt
1477 2482 1609 2505 secum
1651 2468 1693 2505 in
1724 2475 1848 2509 castro
1869 2465 2007 2504 Sancti

305 2529 451 2578 Angeli
487 2537 574 2578 post
609 2528 832 2572 electionem
867 2527 968 2577 quod
1002 2527 1199 2576 elegerunt
1234 2527 1381 2565 dictum
1416 2527 1623 2565 dominum
1657 2528 1885 2573 Bar-ensem,
1924 2526 2008 2575 ipse

306 2588 489 2625 dominus
518 2587 773 2625 Camerarius
802 2586 923 2624 exivit
950 2586 1098 2624 dictum
1126 2594 1298 2624 castrum
1325 2595 1359 2624 et
1383 2586 1488 2624 venit
1509 2587 1561 2624 ad
1583 2586 1790 2624 dominum
1817 2593 2008 2631 nostrum,

304 2656 337 2684 et
363 2647 453 2696 jecit
481 2647 631 2696 portari
660 2646 820 2684 domino
849 2653 977 2683 nostro
1006 2646 1143 2683 omnia
1173 2646 1273 2683 bona
1299 2654 1476 2696 papatus
1504 2654 1537 2683 et
1564 2646 1699 2683 omnia
1725 2645 1885 2695 jocalia,
1915 2658 2009 2681 vasa

353 2806 385 2838 1.
415 2805 477 2838 Aa
500 2805 659 2848 officium
684 2804 890 2838 Camerarii
914 2816 1037 2849 papae
1056 2809 1192 2848 spectat
1215 2804 1432 2848 temporalia
1456 2804 1686 2848 pauperibus
1705 2815 1861 2847 erogare.
1879 2803 2012 2846 Ipsius

305 2864 425 2890 autem
450 2858 609 2900 officium
635 2869 708 2891 non
734 2859 877 2902 expirat
901 2869 966 2902 per
991 2863 1139 2891 mortem
1163 2869 1286 2902 papae
1303 2858 1536 2902 (Bellamera,
1566 2864 1591 2890 t.
1619 2870 1670 2897 111,
1698 2857 1760 2890 fol.
1790 2857 1847 2896 46,
1876 2856 1944 2889 col.
1971 2855 2004 2899 1)

317 2911 428 2953 [Note
458 2911 501 2943 de
530 2910 703 2955 BaluzeJ.

358 2967 386 2997 2.
406 2964 453 2996 Lc
473 2966 491 2996 2
508 2966 609 3004 amit,
626 2964 1016 3005 Albanes-Chevalier‚
1036 2969 1127 3005 uls„
1145 2976 1180 2998 n.
1199 2966 1302 2998 1648.

358 3020 386 3050 3.
421 3016 458 3049 F.
487 3017 697 3056 Duchesne⁷
724 3017 889 3051 Histoire
913 3018 954 3051 de
977 3023 1057 3051 tous
1080 3018 1129 3051 les
1152 3018 1360 3051 cardinaux
1381 3017 1554 3060 srancois,
1581 3023 1607 3050 t.
1633 3029 1670 3056 11,
1697 3028 1731 3060 p.
1758 3017 1839 3050 437.

359 3071 386 3102 4.
419 3070 458 3102 B.
487 3070 544 3109 N.,
570 3081 636 3103 ms.
662 3070 758 3103 latin
781 3070 912 3112 11745,
936 3071 998 3105 fol.
1025 3071 1071 3105 64
1093 3076 1138 3105 1⁸0.

357 3124 387 3155 5.
420 3121 487 3155 ΜΞ.
514 3122 598 3163 citi,
624 3123 687 3156 τοι.
714 3124 759 3158 89
783 3128 827 3157 ro.
1030 3115 1041 3119 “
