<?xml version="1.0" encoding="UTF-8"?>
<!DOCTYPE html PUBLIC "-//W3C//DTD XHTML 1.0 Transitional//EN"
    "http://www.w3.org/TR/xhtml1/DTD/xhtml1-transitional.dtd">
<html xmlns="http://www.w3.org/1999/xhtml" xml:lang="en" lang="en">
 <head>
  <title>
</title>
<meta http-equiv="Content-Type" content="text/html;charset=utf-8" />
  <meta name='ocr-system' content='tesseract 3.04.00' />
  <meta name='ocr-capabilities' content='ocr_page ocr_carea ocr_par ocr_line ocrx_word'/>
</head>
<body>
  <div class='ocr_page' id='page_1' title='image "./vitaepaparumaven02balu_0254.png"; bbox 0 0 2083 3458; ppageno 0'>
   <div class='ocr_carea' id='block_1_1' title="bbox 304 160 2083 261">
    <p class='ocr_par' dir='ltr' id='par_1_1' title="bbox 304 160 2083 261">
     <span class='ocr_line' id='line_1_1' title="bbox 2075 160 2083 185; baseline 0 0"><span class='ocrx_word' id='word_1_1' title='bbox 2075 160 2083 185; x_wconf 74' lang='lat' dir='ltr'><em>s</em></span> 
     </span>
     <span class='ocr_line' id='line_1_2' title="bbox 304 205 2067 261; baseline -0.002 -13"><span class='ocrx_word' id='word_1_2' title='bbox 304 209 384 248; x_wconf 70' lang='lat'>244</span> <span class='ocrx_word' id='word_1_3' title='bbox 953 221 1104 246; x_wconf 83' lang='lat' dir='ltr'><strong>NOTAE</strong></span> <span class='ocrx_word' id='word_1_4' title='bbox 1139 220 1199 245; x_wconf 79' lang='lat' dir='ltr'>AD</span> <span class='ocrx_word' id='word_1_5' title='bbox 1235 220 1362 245; x_wconf 78' lang='lat' dir='ltr'>vlTAs</span> <span class='ocrx_word' id='word_1_6' title='bbox 1885 205 2010 261; x_wconf 84' lang='lat'>[744]</span> <span class='ocrx_word' id='word_1_7' title='bbox 2062 210 2067 222; x_wconf 71' lang='lat'><strong>⁸</strong></span> 
     </span>
    </p>
   </div>
   <div class='ocr_carea' id='block_1_2' title="bbox 286 303 2012 1661">
    <p class='ocr_par' dir='ltr' id='par_1_2' title="bbox 298 303 2012 414">
     <span class='ocr_line' id='line_1_3' title="bbox 298 303 2012 356; baseline -0.002 -10"><span class='ocrx_word' id='word_1_8' title='bbox 298 307 661 356; x_wconf 76' lang='lat' dir='ltr'>suffraganeosque</span> <span class='ocrx_word' id='word_1_9' title='bbox 683 306 769 356; x_wconf 87' lang='lat' dir='ltr'>ejus</span> <span class='ocrx_word' id='word_1_10' title='bbox 799 305 960 356; x_wconf 83' lang='lat' dir='ltr'>scripsit</span> <span class='ocrx_word' id='word_1_11' title='bbox 979 313 1027 343; x_wconf 81' lang='lat' dir='ltr'>ut</span> <span class='ocrx_word' id='word_1_12' title='bbox 1047 304 1294 342; x_wconf 83' lang='lat' dir='ltr'>obsisterent</span> <span class='ocrx_word' id='word_1_13' title='bbox 1313 303 1676 354; x_wconf 75' lang='lat' dir='ltr'>superstitionibus</span> <span class='ocrx_word' id='word_1_14' title='bbox 1695 304 1951 343; x_wconf 88' lang='lat' dir='ltr'>Judaeorum</span> <span class='ocrx_word' id='word_1_15' title='bbox 1971 314 2012 344; x_wconf 88' lang='lat' dir='ltr'>et</span> 
     </span>
     <span class='ocr_line' id='line_1_4' title="bbox 302 362 1792 414; baseline -0.001 -10"><span class='ocrx_word' id='word_1_16' title='bbox 302 366 424 405; x_wconf 89' lang='lat' dir='ltr'>libros</span> <span class='ocrx_word' id='word_1_17' title='bbox 444 366 704 403; x_wconf 85' lang='lat' dir='ltr'>Talmudicos</span> <span class='ocrx_word' id='word_1_18' title='bbox 723 364 807 414; x_wconf 76' lang='lat' dir='ltr'>igni</span> <span class='ocrx_word' id='word_1_19' title='bbox 825 364 1057 407; x_wconf 82' lang='lat' dir='ltr'>traderent;</span> <span class='ocrx_word' id='word_1_20' title='bbox 1079 363 1200 402; x_wconf 87' lang='lat' dir='ltr'>Odor.</span> <span class='ocrx_word' id='word_1_21' title='bbox 1225 362 1446 412; x_wconf 84' lang='lat' dir='ltr'>Raynald.‚</span> <span class='ocrx_word' id='word_1_22' title='bbox 1466 376 1530 402; x_wconf 86' lang='lat' dir='ltr'>an.</span> <span class='ocrx_word' id='word_1_23' title='bbox 1553 362 1668 411; x_wconf 85' lang='lat'>1320,</span> <span class='ocrx_word' id='word_1_24' title='bbox 1695 363 1711 413; x_wconf 67' lang='grc' dir='ltr'><strong>ἓ</strong></span> <span class='ocrx_word' id='word_1_25' title='bbox 1730 363 1792 402; x_wconf 84' lang='grc'>24.</span> 
     </span>
    </p>

    <p class='ocr_par' dir='ltr' id='par_1_3' title="bbox 298 421 2007 593">
     <span class='ocr_line' id='line_1_5' title="bbox 353 421 2007 474; baseline -0.001 -12"><span class='ocrx_word' id='word_1_26' title='bbox 353 425 509 463; x_wconf 85' lang='lat' dir='ltr'>Eodem</span> <span class='ocrx_word' id='word_1_27' title='bbox 530 438 637 462; x_wconf 84' lang='lat' dir='ltr'>anno</span> <span class='ocrx_word' id='word_1_28' title='bbox 660 431 835 462; x_wconf 83' lang='lat' dir='ltr'>exeunte</span> <span class='ocrx_word' id='word_1_29' title='bbox 868 422 933 474; x_wconf 84' lang='lat'>[19</span> <span class='ocrx_word' id='word_1_30' title='bbox 955 421 1192 472; x_wconf 75' lang='lat' dir='ltr'>decembre]</span> <span class='ocrx_word' id='word_1_31' title='bbox 1215 421 1326 460; x_wconf 89' lang='lat' dir='ltr'>idem</span> <span class='ocrx_word' id='word_1_32' title='bbox 1347 422 1528 460; x_wconf 88' lang='lat' dir='ltr'>Joannes</span> <span class='ocrx_word' id='word_1_33' title='bbox 1549 436 1644 461; x_wconf 91' lang='lat' dir='ltr'>eum</span> <span class='ocrx_word' id='word_1_34' title='bbox 1665 423 1821 461; x_wconf 87' lang='lat' dir='ltr'>creavit</span> <span class='ocrx_word' id='word_1_35' title='bbox 1841 423 2007 473; x_wconf 87' lang='lat' dir='ltr'>presby-</span> 
     </span>
     <span class='ocr_line' id='line_1_6' title="bbox 300 480 2006 530; baseline -0.001 -8"><span class='ocrx_word' id='word_1_36' title='bbox 300 493 434 523; x_wconf 88' lang='lat' dir='ltr'>terum</span> <span class='ocrx_word' id='word_1_37' title='bbox 460 484 708 522; x_wconf 81' lang='lat' dir='ltr'>cardinalem</span> <span class='ocrx_word' id='word_1_38' title='bbox 735 483 847 521; x_wconf 83' lang='lat' dir='ltr'>tituli</span> <span class='ocrx_word' id='word_1_39' title='bbox 876 482 1121 521; x_wconf 84' lang='lat' dir='ltr'>Sanctorum</span> <span class='ocrx_word' id='word_1_40' title='bbox 1149 480 1268 520; x_wconf 89' lang='lat' dir='ltr'>Nerei</span> <span class='ocrx_word' id='word_1_41' title='bbox 1294 488 1336 519; x_wconf 85' lang='lat' dir='ltr'>et</span> <span class='ocrx_word' id='word_1_42' title='bbox 1361 480 1546 530; x_wconf 83' lang='lat' dir='ltr'>Achillei,</span> <span class='ocrx_word' id='word_1_43' title='bbox 1568 490 1609 520; x_wconf 84' lang='lat' dir='ltr'>et</span> <span class='ocrx_word' id='word_1_44' title='bbox 1630 495 1738 520; x_wconf 88' lang='lat' dir='ltr'>anno</span> <span class='ocrx_word' id='word_1_45' title='bbox 1760 481 2006 521; x_wconf 90' lang='lat' dir='ltr'>MCCCXXI</span> 
     </span>
     <span class='ocr_line' id='line_1_7' title="bbox 298 542 810 593; baseline -0.002 -12"><span class='ocrx_word' id='word_1_46' title='bbox 298 543 535 593; x_wconf 86' lang='lat' dir='ltr'>episcopum</span> <span class='ocrx_word' id='word_1_47' title='bbox 567 542 810 581; x_wconf 78' lang='lat' dir='ltr'>Ostiensem.</span> 
     </span>
    </p>

    <p class='ocr_par' dir='ltr' id='par_1_4' title="bbox 299 599 2007 828">
     <span class='ocr_line' id='line_1_8' title="bbox 350 599 2007 651; baseline 0.001 -13"><span class='ocrx_word' id='word_1_48' title='bbox 350 602 469 639; x_wconf 78' lang='lat' dir='ltr'>Anno</span> <span class='ocrx_word' id='word_1_49' title='bbox 497 601 782 649; x_wconf 80' lang='lat' dir='ltr'>MCCCXXH,</span> <span class='ocrx_word' id='word_1_50' title='bbox 813 600 1031 650; x_wconf 75' lang='lat' dir='ltr'>Raynaldo</span> <span class='ocrx_word' id='word_1_51' title='bbox 1059 600 1250 650; x_wconf 90' lang='lat' dir='ltr'>episcopo</span> <span class='ocrx_word' id='word_1_52' title='bbox 1278 599 1458 638; x_wconf 80' lang='lat' dir='ltr'>Ostiensi</span> <span class='ocrx_word' id='word_1_53' title='bbox 1485 608 1526 638; x_wconf 91' lang='lat' dir='ltr'>et</span> <span class='ocrx_word' id='word_1_54' title='bbox 1553 600 1675 639; x_wconf 90' lang='lat' dir='ltr'>Petro</span> <span class='ocrx_word' id='word_1_55' title='bbox 1704 600 1752 639; x_wconf 88' lang='lat' dir='ltr'>de</span> <span class='ocrx_word' id='word_1_56' title='bbox 1782 599 2007 651; x_wconf 85' lang='lat' dir='ltr'>Arreblayo</span> 
     </span>
     <span class='ocr_line' id='line_1_9' title="bbox 299 658 2006 711; baseline 0.002 -15"><span class='ocrx_word' id='word_1_57' title='bbox 299 661 539 711; x_wconf 64' lang='lat' dir='ltr'>presbytero</span> <span class='ocrx_word' id='word_1_58' title='bbox 565 660 770 698; x_wconf 81' lang='lat' dir='ltr'>cardinale</span> <span class='ocrx_word' id='word_1_59' title='bbox 795 660 908 698; x_wconf 86' lang='lat' dir='ltr'>tituli</span> <span class='ocrx_word' id='word_1_60' title='bbox 927 659 963 698; x_wconf 83' lang='lat' dir='ltr'>S.</span> <span class='ocrx_word' id='word_1_61' title='bbox 987 659 1198 698; x_wconf 86' lang='lat' dir='ltr'>Susannae</span> <span class='ocrx_word' id='word_1_62' title='bbox 1215 672 1313 697; x_wconf 89' lang='lat' dir='ltr'>usus</span> <span class='ocrx_word' id='word_1_63' title='bbox 1333 667 1395 697; x_wconf 87' lang='lat' dir='ltr'>est</span> <span class='ocrx_word' id='word_1_64' title='bbox 1418 658 1593 698; x_wconf 81' lang='lat' dir='ltr'>Karolus</span> <span class='ocrx_word' id='word_1_65' title='bbox 1618 659 1685 707; x_wconf 88' lang='lat' dir='ltr'>IV,</span> <span class='ocrx_word' id='word_1_66' title='bbox 1704 674 1778 698; x_wconf 84' lang='lat' dir='ltr'>rex</span> <span class='ocrx_word' id='word_1_67' title='bbox 1795 659 2006 708; x_wconf 85' lang='lat' dir='ltr'>Franciae,</span> 
     </span>
     <span class='ocr_line' id='line_1_10' title="bbox 299 717 2007 768; baseline 0.001 -12"><span class='ocrx_word' id='word_1_68' title='bbox 299 728 343 757; x_wconf 81' lang='lat' dir='ltr'>ut</span> <span class='ocrx_word' id='word_1_69' title='bbox 369 733 528 757; x_wconf 86' lang='lat' dir='ltr'>summo</span> <span class='ocrx_word' id='word_1_70' title='bbox 553 718 745 758; x_wconf 87' lang='lat' dir='ltr'>Pontifici</span> <span class='ocrx_word' id='word_1_71' title='bbox 787 718 896 757; x_wconf 87' lang='lat' dir='ltr'>tradi</span> <span class='ocrx_word' id='word_1_72' title='bbox 919 719 1073 757; x_wconf 86' lang='lat' dir='ltr'>faceret</span> <span class='ocrx_word' id='word_1_73' title='bbox 1093 718 1233 756; x_wconf 78' lang='lat' dir='ltr'>literas</span> <span class='ocrx_word' id='word_1_74' title='bbox 1258 731 1358 768; x_wconf 89' lang='lat' dir='ltr'>quas</span> <span class='ocrx_word' id='word_1_75' title='bbox 1381 717 1468 768; x_wconf 90' lang='lat' dir='ltr'>ipse</span> <span class='ocrx_word' id='word_1_76' title='bbox 1490 718 1543 756; x_wconf 84' lang='lat' dir='ltr'>ad</span> <span class='ocrx_word' id='word_1_77' title='bbox 1566 732 1660 758; x_wconf 89' lang='lat' dir='ltr'>eum</span> <span class='ocrx_word' id='word_1_78' title='bbox 1682 718 1889 757; x_wconf 87' lang='lat' dir='ltr'>scribebat</span> <span class='ocrx_word' id='word_1_79' title='bbox 1908 719 1922 741; x_wconf 74' lang='lat'>¹</span> <span class='ocrx_word' id='word_1_80' title='bbox 1958 719 2007 758; x_wconf 89' lang='lat' dir='ltr'>de</span> 
     </span>
     <span class='ocr_line' id='line_1_11' title="bbox 300 777 2005 828; baseline 0.001 -13"><span class='ocrx_word' id='word_1_81' title='bbox 300 778 441 817; x_wconf 85' lang='lat' dir='ltr'>morbo</span> <span class='ocrx_word' id='word_1_82' title='bbox 464 786 504 817; x_wconf 88' lang='lat' dir='ltr'>et</span> <span class='ocrx_word' id='word_1_83' title='bbox 526 786 657 816; x_wconf 77' lang='lat' dir='ltr'>morte</span> <span class='ocrx_word' id='word_1_84' title='bbox 684 778 862 828; x_wconf 83' lang='lat' dir='ltr'>Philippi</span> <span class='ocrx_word' id='word_1_85' title='bbox 883 777 1000 828; x_wconf 81' lang='lat' dir='ltr'>regis,</span> <span class='ocrx_word' id='word_1_86' title='bbox 1024 777 1162 816; x_wconf 84' lang='lat' dir='ltr'>fratris</span> <span class='ocrx_word' id='word_1_87' title='bbox 1185 777 1266 823; x_wconf 75' lang='lat' dir='ltr'>sui3</span> <span class='ocrx_word' id='word_1_88' title='bbox 1289 777 1411 816; x_wconf 89' lang='lat' dir='ltr'>Odor.</span> <span class='ocrx_word' id='word_1_89' title='bbox 1434 777 1654 827; x_wconf 85' lang='lat' dir='ltr'>Raynald.,</span> <span class='ocrx_word' id='word_1_90' title='bbox 1673 791 1738 817; x_wconf 85' lang='lat' dir='ltr'>an.</span> <span class='ocrx_word' id='word_1_91' title='bbox 1763 777 1878 827; x_wconf 85' lang='lat'>1322,</span> <span class='ocrx_word' id='word_1_92' title='bbox 1905 778 1922 827; x_wconf 69' lang='grc' dir='ltr'>ἓ</span> <span class='ocrx_word' id='word_1_93' title='bbox 1944 778 2005 818; x_wconf 86' lang='lat'>23.</span> 
     </span>
    </p>

    <p class='ocr_par' dir='ltr' id='par_1_5' title="bbox 286 836 2008 1479">
     <span class='ocr_line' id='line_1_12' title="bbox 351 836 2008 887; baseline 0.001 -13"><span class='ocrx_word' id='word_1_94' title='bbox 351 838 458 874; x_wconf 79' lang='lat' dir='ltr'>Eum</span> <span class='ocrx_word' id='word_1_95' title='bbox 494 837 640 876; x_wconf 87' lang='lat' dir='ltr'>obiisse</span> <span class='ocrx_word' id='word_1_96' title='bbox 660 837 674 859; x_wconf 71' lang='lat'>&#39;2</span> <span class='ocrx_word' id='word_1_97' title='bbox 728 851 835 875; x_wconf 87' lang='lat' dir='ltr'>anno</span> <span class='ocrx_word' id='word_1_98' title='bbox 872 837 1159 875; x_wconf 83' lang='lat' dir='ltr'>MCCCXXVI</span> <span class='ocrx_word' id='word_1_99' title='bbox 1198 844 1294 887; x_wconf 83' lang='lat' dir='ltr'>post</span> <span class='ocrx_word' id='word_1_100' title='bbox 1335 850 1518 876; x_wconf 89' lang='lat' dir='ltr'>mensem</span> <span class='ocrx_word' id='word_1_101' title='bbox 1558 836 1664 887; x_wconf 84' lang='lat' dir='ltr'>junii</span> <span class='ocrx_word' id='word_1_102' title='bbox 1708 837 1850 876; x_wconf 81' lang='lat' dir='ltr'>scribit</span> <span class='ocrx_word' id='word_1_103' title='bbox 1894 838 2008 877; x_wconf 82' lang='lat' dir='ltr'>Felix</span> 
     </span>
     <span class='ocr_line' id='line_1_13' title="bbox 296 895 2007 948; baseline 0.001 -14"><span class='ocrx_word' id='word_1_104' title='bbox 296 896 550 935; x_wconf 86' lang='lat' dir='ltr'>Contelorius</span> <span class='ocrx_word' id='word_1_105' title='bbox 589 896 642 947; x_wconf 74' lang='lat' dir='ltr'>[D.</span> <span class='ocrx_word' id='word_1_106' title='bbox 674 895 746 947; x_wconf 82' lang='lat'>29]</span> <span class='ocrx_word' id='word_1_107' title='bbox 777 910 828 935; x_wconf 85' lang='lat' dir='ltr'>ex</span> <span class='ocrx_word' id='word_1_108' title='bbox 854 896 975 934; x_wconf 79' lang='lat' dir='ltr'>Libro</span> <span class='ocrx_word' id='word_1_109' title='bbox 1004 895 1260 935; x_wconf 62' lang='lat' dir='ltr'>divisionum.</span> <span class='ocrx_word' id='word_1_110' title='bbox 1292 896 1396 935; x_wconf 89' lang='lat' dir='ltr'>Sane</span> <span class='ocrx_word' id='word_1_111' title='bbox 1422 896 1466 935; x_wconf 87' lang='lat' dir='ltr'>in</span> <span class='ocrx_word' id='word_1_112' title='bbox 1493 895 1605 935; x_wconf 73' lang='lat' dir='ltr'>Actis</span> <span class='ocrx_word' id='word_1_113' title='bbox 1644 896 1816 947; x_wconf 83' lang='lat' dir='ltr'>capituli</span> <span class='ocrx_word' id='word_1_114' title='bbox 1842 897 2007 948; x_wconf 87' lang='lat' dir='ltr'>provin-</span> 
     </span>
     <span class='ocr_line' id='line_1_14' title="bbox 293 954 2006 996; baseline 0.001 -3"><span class='ocrx_word' id='word_1_115' title='bbox 293 955 402 993; x_wconf 89' lang='lat' dir='ltr'>cialis</span> <span class='ocrx_word' id='word_1_116' title='bbox 442 954 592 993; x_wconf 85' lang='lat' dir='ltr'>ordinis</span> <span class='ocrx_word' id='word_1_117' title='bbox 629 955 967 994; x_wconf 76' lang='lat' dir='ltr'>praedicatorum</span> <span class='ocrx_word' id='word_1_118' title='bbox 1004 955 1199 994; x_wconf 88' lang='lat' dir='ltr'>celebrati</span> <span class='ocrx_word' id='word_1_119' title='bbox 1243 955 1286 993; x_wconf 93' lang='lat' dir='ltr'>in</span> <span class='ocrx_word' id='word_1_120' title='bbox 1333 963 1541 994; x_wconf 86' lang='lat' dir='ltr'>conventu</span> <span class='ocrx_word' id='word_1_121' title='bbox 1578 955 1860 995; x_wconf 87' lang='lat' dir='ltr'>Lemovicensi</span> <span class='ocrx_word' id='word_1_122' title='bbox 1898 970 2006 996; x_wconf 89' lang='lat' dir='ltr'>anno</span> 
     </span>
     <span class='ocr_line' id='line_1_15' title="bbox 294 1014 2006 1065; baseline 0.002 -14"><span class='ocrx_word' id='word_1_123' title='bbox 294 1014 614 1063; x_wconf 73' lang='lat' dir='ltr'>MCCCXXVII,</span> <span class='ocrx_word' id='word_1_124' title='bbox 649 1014 691 1052; x_wconf 92' lang='lat' dir='ltr'>in</span> <span class='ocrx_word' id='word_1_125' title='bbox 725 1014 882 1053; x_wconf 83' lang='lat' dir='ltr'>octavis</span> <span class='ocrx_word' id='word_1_126' title='bbox 917 1023 1156 1053; x_wconf 89' lang='lat' dir='ltr'>sanctorum</span> <span class='ocrx_word' id='word_1_127' title='bbox 1189 1014 1485 1065; x_wconf 73' lang='lat' dir='ltr'>Apostolorum</span> <span class='ocrx_word' id='word_1_128' title='bbox 1519 1014 1630 1053; x_wconf 86' lang='lat' dir='ltr'>Petri</span> <span class='ocrx_word' id='word_1_129' title='bbox 1664 1023 1705 1053; x_wconf 90' lang='lat' dir='ltr'>et</span> <span class='ocrx_word' id='word_1_130' title='bbox 1741 1015 1871 1065; x_wconf 82' lang='lat' dir='ltr'>Pauli,</span> <span class='ocrx_word' id='word_1_131' title='bbox 1907 1016 2006 1054; x_wconf 90' lang='lat' dir='ltr'>dum</span> 
     </span>
     <span class='ocr_line' id='line_1_16' title="bbox 290 1073 2006 1125; baseline 0.002 -15"><span class='ocrx_word' id='word_1_132' title='bbox 290 1073 546 1124; x_wconf 86' lang='lat' dir='ltr'>imperantur</span> <span class='ocrx_word' id='word_1_133' title='bbox 563 1088 700 1124; x_wconf 87' lang='lat' dir='ltr'>preces</span> <span class='ocrx_word' id='word_1_134' title='bbox 718 1088 791 1124; x_wconf 88' lang='lat' dir='ltr'>pro</span> <span class='ocrx_word' id='word_1_135' title='bbox 810 1074 1029 1123; x_wconf 83' lang='lat' dir='ltr'>defunctis,</span> <span class='ocrx_word' id='word_1_136' title='bbox 1042 1074 1107 1112; x_wconf 78' lang='lat' dir='ltr'>&#39;ita</span> <span class='ocrx_word' id='word_1_137' title='bbox 1123 1082 1393 1124; x_wconf 89' lang='lat' dir='ltr'>praeceptum</span> <span class='ocrx_word' id='word_1_138' title='bbox 1409 1074 1533 1113; x_wconf 85' lang='lat' dir='ltr'>fuisse</span> <span class='ocrx_word' id='word_1_139' title='bbox 1550 1074 1707 1125; x_wconf 88' lang='lat' dir='ltr'>reperio</span> <span class='ocrx_word' id='word_1_140' title='bbox 1724 1090 1732 1113; x_wconf 89' lang='lat'>:</span> <span class='ocrx_word' id='word_1_141' title='bbox 1751 1074 1830 1112; x_wconf 85' lang='lat' dir='ltr'>Pro</span> <span class='ocrx_word' id='word_1_142' title='bbox 1847 1075 2006 1114; x_wconf 85' lang='lat' dir='ltr'>domino</span> 
     </span>
     <span class='ocr_line' id='line_1_17' title="bbox 289 1132 2004 1184; baseline 0.002 -15"><span class='ocrx_word' id='word_1_143' title='bbox 289 1132 454 1170; x_wconf 73' lang='lat' dir='ltr'>Nicolao</span> <span class='ocrx_word' id='word_1_144' title='bbox 497 1132 679 1183; x_wconf 78' lang='lat' dir='ltr'>episcopo</span> <span class='ocrx_word' id='word_1_145' title='bbox 720 1133 942 1181; x_wconf 76' lang='lat' dir='ltr'>Hostiensi,</span> <span class='ocrx_word' id='word_1_146' title='bbox 985 1142 1020 1171; x_wconf 77' lang='lat' dir='ltr'>et</span> <span class='ocrx_word' id='word_1_147' title='bbox 1060 1133 1220 1171; x_wconf 83' lang='lat' dir='ltr'>domino</span> <span class='ocrx_word' id='word_1_148' title='bbox 1262 1132 1443 1182; x_wconf 80' lang='grc' dir='ltr'>Νίοοῖαο,</span> <span class='ocrx_word' id='word_1_149' title='bbox 1476 1133 1698 1184; x_wconf 80' lang='lat' dir='ltr'>presbytero</span> <span class='ocrx_word' id='word_1_150' title='bbox 1741 1134 1942 1173; x_wconf 81' lang='lat' dir='ltr'>cardinale</span> <span class='ocrx_word' id='word_1_151' title='bbox 1976 1134 2004 1183; x_wconf 79' lang='lat'>3,</span> 
     </span>
     <span class='ocr_line' id='line_1_18' title="bbox 286 1191 2005 1242; baseline 0.003 -14"><span class='ocrx_word' id='word_1_152' title='bbox 286 1191 452 1241; x_wconf 76' lang='lat' dir='ltr'>quilibet</span> <span class='ocrx_word' id='word_1_153' title='bbox 467 1192 645 1229; x_wconf 78' lang='lat' dir='ltr'>sacerdos</span> <span class='ocrx_word' id='word_1_154' title='bbox 664 1207 787 1230; x_wconf 78' lang='lat' dir='ltr'>unam</span> <span class='ocrx_word' id='word_1_155' title='bbox 805 1192 981 1232; x_wconf 79' lang='lat' dir='ltr'>missam.</span> <span class='ocrx_word' id='word_1_156' title='bbox 1004 1193 1058 1231; x_wconf 81' lang='lat' dir='ltr'>Et</span> <span class='ocrx_word' id='word_1_157' title='bbox 1076 1200 1217 1231; x_wconf 90' lang='lat' dir='ltr'>tamen</span> <span class='ocrx_word' id='word_1_158' title='bbox 1236 1207 1286 1231; x_wconf 87' lang='lat' dir='ltr'>ex</span> <span class='ocrx_word' id='word_1_159' title='bbox 1302 1193 1364 1231; x_wconf 88' lang='lat' dir='ltr'>his</span> <span class='ocrx_word' id='word_1_160' title='bbox 1384 1206 1488 1242; x_wconf 87' lang='lat' dir='ltr'>quae</span> <span class='ocrx_word' id='word_1_161' title='bbox 1505 1192 1740 1231; x_wconf 84' lang='lat' dir='ltr'>referuntur</span> <span class='ocrx_word' id='word_1_162' title='bbox 1758 1193 1810 1231; x_wconf 93' lang='lat' dir='ltr'>ab</span> <span class='ocrx_word' id='word_1_163' title='bbox 1829 1193 2005 1233; x_wconf 85' lang='lat' dir='ltr'>Odorico</span> 
     </span>
     <span class='ocr_line' id='line_1_19' title="bbox 293 1251 2005 1303; baseline 0.001 -15"><span class='ocrx_word' id='word_1_164' title='bbox 293 1251 524 1300; x_wconf 71' lang='lat' dir='ltr'>Raynaldo,</span> <span class='ocrx_word' id='word_1_165' title='bbox 569 1265 633 1290; x_wconf 88' lang='lat' dir='ltr'>an.</span> <span class='ocrx_word' id='word_1_166' title='bbox 681 1251 796 1300; x_wconf 80' lang='lat'>1327,</span> <span class='ocrx_word' id='word_1_167' title='bbox 842 1252 859 1301; x_wconf 63' lang='grc' dir='ltr'><strong>ἓ</strong></span> <span class='ocrx_word' id='word_1_168' title='bbox 903 1251 966 1300; x_wconf 81' lang='lat'>55,</span> <span class='ocrx_word' id='word_1_169' title='bbox 1012 1252 1145 1302; x_wconf 86' lang='lat' dir='ltr'>colligi</span> <span class='ocrx_word' id='word_1_170' title='bbox 1187 1266 1306 1303; x_wconf 84' lang='lat' dir='ltr'>posse</span> <span class='ocrx_word' id='word_1_171' title='bbox 1345 1251 1512 1291; x_wconf 80' lang='lat' dir='ltr'>videtur</span> <span class='ocrx_word' id='word_1_172' title='bbox 1550 1265 1644 1290; x_wconf 87' lang='lat' dir='ltr'>eum</span> <span class='ocrx_word' id='word_1_173' title='bbox 1687 1265 1796 1290; x_wconf 91' lang='lat' dir='ltr'>anno</span> <span class='ocrx_word' id='word_1_174' title='bbox 1839 1260 2005 1292; x_wconf 88' lang='lat' dir='ltr'>tantum</span> 
     </span>
     <span class='ocr_line' id='line_1_20' title="bbox 292 1310 2008 1362; baseline 0.003 -15"><span class='ocrx_word' id='word_1_175' title='bbox 292 1310 601 1348; x_wconf 78' lang='lat' dir='ltr'>MCCCXXVII</span> <span class='ocrx_word' id='word_1_176' title='bbox 619 1320 794 1350; x_wconf 80' lang='lat' dir='ltr'>exeunte</span> <span class='ocrx_word' id='word_1_177' title='bbox 811 1310 970 1360; x_wconf 80' lang='lat' dir='ltr'>obiisse,</span> <span class='ocrx_word' id='word_1_178' title='bbox 990 1325 1083 1350; x_wconf 89' lang='lat' dir='ltr'>cum</span> <span class='ocrx_word' id='word_1_179' title='bbox 1099 1312 1278 1350; x_wconf 88' lang='lat' dir='ltr'>Joannes</span> <span class='ocrx_word' id='word_1_180' title='bbox 1299 1311 1428 1349; x_wconf 91' lang='lat' dir='ltr'>XXII</span> <span class='ocrx_word' id='word_1_181' title='bbox 1444 1310 1730 1362; x_wconf 89' lang='lat' dir='ltr'>episcopatum</span> <span class='ocrx_word' id='word_1_182' title='bbox 1745 1311 1977 1352; x_wconf 87' lang='lat' dir='ltr'>Ostiensem</span> <span class='ocrx_word' id='word_1_183' title='bbox 1991 1312 2008 1336; x_wconf 81' lang='lat'>4</span> 
     </span>
     <span class='ocr_line' id='line_1_21' title="bbox 291 1369 2003 1421; baseline 0.002 -15"><span class='ocrx_word' id='word_1_184' title='bbox 291 1369 521 1407; x_wconf 87' lang='lat' dir='ltr'>Bertrando</span> <span class='ocrx_word' id='word_1_185' title='bbox 552 1369 600 1408; x_wconf 90' lang='lat' dir='ltr'>de</span> <span class='ocrx_word' id='word_1_186' title='bbox 632 1370 791 1421; x_wconf 88' lang='lat' dir='ltr'>Pojeto,</span> <span class='ocrx_word' id='word_1_187' title='bbox 825 1385 947 1421; x_wconf 90' lang='lat' dir='ltr'>quem</span> <span class='ocrx_word' id='word_1_188' title='bbox 977 1385 1138 1409; x_wconf 89' lang='lat' dir='ltr'>summo</span> <span class='ocrx_word' id='word_1_189' title='bbox 1178 1384 1315 1409; x_wconf 90' lang='lat' dir='ltr'>amore</span> <span class='ocrx_word' id='word_1_190' title='bbox 1347 1370 1557 1421; x_wconf 85' lang='lat' dir='ltr'>diligebat,</span> <span class='ocrx_word' id='word_1_191' title='bbox 1601 1370 1822 1410; x_wconf 87' lang='lat' dir='ltr'>contulerit</span> <span class='ocrx_word' id='word_1_192' title='bbox 1856 1386 1892 1410; x_wconf 83' lang='lat' dir='ltr'>v1</span> <span class='ocrx_word' id='word_1_193' title='bbox 1923 1372 2003 1411; x_wconf 87' lang='lat' dir='ltr'>kal.</span> 
     </span>
     <span class='ocr_line' id='line_1_22' title="bbox 291 1428 745 1479; baseline 0.007 -14"><span class='ocrx_word' id='word_1_194' title='bbox 291 1428 469 1478; x_wconf 87' lang='lat' dir='ltr'>januarii</span> <span class='ocrx_word' id='word_1_195' title='bbox 490 1429 613 1479; x_wconf 85' lang='lat' dir='ltr'>hujus</span> <span class='ocrx_word' id='word_1_196' title='bbox 636 1429 745 1469; x_wconf 87' lang='lat' dir='ltr'>anni.</span> 
     </span>
    </p>

    <p class='ocr_par' dir='ltr' id='par_1_6' title="bbox 290 1482 2005 1661">
     <span class='ocr_line' id='line_1_23' title="bbox 348 1482 2005 1539; baseline 0.002 -14"><span class='ocrx_word' id='word_1_197' title='bbox 348 1487 538 1526; x_wconf 79' lang='lat' dir='ltr'>Rainaldi</span> <span class='ocrx_word' id='word_1_198' title='bbox 579 1482 842 1539; x_wconf 87' lang='lat' dir='ltr'>sepulchrum</span> <span class='ocrx_word' id='word_1_199' title='bbox 881 1489 1030 1528; x_wconf 86' lang='lat' dir='ltr'>visitur</span> <span class='ocrx_word' id='word_1_200' title='bbox 1068 1489 1112 1528; x_wconf 88' lang='lat' dir='ltr'>in</span> <span class='ocrx_word' id='word_1_201' title='bbox 1152 1490 1320 1528; x_wconf 87' lang='lat' dir='ltr'>ecclesia</span> <span class='ocrx_word' id='word_1_202' title='bbox 1362 1489 1589 1528; x_wconf 78' lang='lat' dir='ltr'>cathedrali</span> <span class='ocrx_word' id='word_1_203' title='bbox 1629 1489 1912 1529; x_wconf 85' lang='lat' dir='ltr'>Lemovicensi</span> <span class='ocrx_word' id='word_1_204' title='bbox 1952 1491 2005 1528; x_wconf 88' lang='lat' dir='ltr'>ad</span> 
     </span>
     <span class='ocr_line' id='line_1_24' title="bbox 290 1546 2004 1600; baseline 0.002 -16"><span class='ocrx_word' id='word_1_205' title='bbox 290 1546 483 1585; x_wconf 82' lang='lat' dir='ltr'>dextram</span> <span class='ocrx_word' id='word_1_206' title='bbox 518 1548 685 1598; x_wconf 85' lang='lat' dir='ltr'>majoris</span> <span class='ocrx_word' id='word_1_207' title='bbox 722 1549 876 1597; x_wconf 88' lang='lat' dir='ltr'>altaris,</span> <span class='ocrx_word' id='word_1_208' title='bbox 915 1550 978 1588; x_wconf 80' lang='lat' dir='ltr'>cui</span> <span class='ocrx_word' id='word_1_209' title='bbox 1014 1548 1333 1600; x_wconf 89' lang='lat' dir='ltr'>superimposita</span> <span class='ocrx_word' id='word_1_210' title='bbox 1369 1556 1432 1587; x_wconf 87' lang='lat' dir='ltr'>est</span> <span class='ocrx_word' id='word_1_211' title='bbox 1465 1562 1695 1587; x_wconf 85' lang='lat' dir='ltr'>marmorea</span> <span class='ocrx_word' id='word_1_212' title='bbox 1731 1548 1818 1599; x_wconf 89' lang='lat' dir='ltr'>ejus</span> <span class='ocrx_word' id='word_1_213' title='bbox 1855 1549 2004 1600; x_wconf 84' lang='lat' dir='ltr'>effigies</span> 
     </span>
     <span class='ocr_line' id='line_1_25' title="bbox 294 1606 2002 1661; baseline 0.002 -18"><span class='ocrx_word' id='word_1_214' title='bbox 294 1606 476 1644; x_wconf 67' lang='lat' dir='ltr'>vestibus</span> <span class='ocrx_word' id='word_1_215' title='bbox 504 1607 802 1658; x_wconf 84' lang='lat' dir='ltr'>episcopalibus</span> <span class='ocrx_word' id='word_1_216' title='bbox 831 1616 989 1647; x_wconf 83' lang='lat' dir='ltr'>ornata.</span> <span class='ocrx_word' id='word_1_217' title='bbox 1023 1609 1083 1647; x_wconf 89' lang='lat' dir='ltr'>Ibi</span> <span class='ocrx_word' id='word_1_218' title='bbox 1110 1608 1320 1658; x_wconf 89' lang='lat' dir='ltr'>sculptum</span> <span class='ocrx_word' id='word_1_219' title='bbox 1346 1615 1408 1646; x_wconf 87' lang='lat' dir='ltr'>est</span> <span class='ocrx_word' id='word_1_220' title='bbox 1432 1607 1510 1646; x_wconf 91' lang='lat' dir='ltr'>hoc</span> <span class='ocrx_word' id='word_1_221' title='bbox 1544 1615 1710 1647; x_wconf 82' lang='lat' dir='ltr'>scutum</span> <span class='ocrx_word' id='word_1_222' title='bbox 1737 1609 2002 1661; x_wconf 48' lang='lat' dir='ltr'>gentilitium,</span> 
     </span>
    </p>
   </div>
   <div class='ocr_carea' id='block_1_3' title="bbox 339 1876 2025 2412">
    <p class='ocr_par' dir='ltr' id='par_1_7' title="bbox 339 1876 2025 2412">
     <span class='ocr_line' id='line_1_26' title="bbox 1044 1876 2025 2135; baseline 0.003 0"><span class='ocrx_word' id='word_1_223' title='bbox 1044 1876 1232 2135; x_wconf 85' lang='lat'><em>.</em></span> <span class='ocrx_word' id='word_1_224' title='bbox 2012 2063 2025 2081; x_wconf 39' lang='grc' dir='ltr'>Χ</span> 
     </span>
     <span class='ocr_line' id='line_1_27' title="bbox 339 2359 1997 2412; baseline 0.005 -17"><span class='ocrx_word' id='word_1_225' title='bbox 339 2359 525 2399; x_wconf 81' lang='lat' dir='ltr'>Fratrem</span> <span class='ocrx_word' id='word_1_226' title='bbox 570 2361 719 2400; x_wconf 85' lang='lat' dir='ltr'>habuit</span> <span class='ocrx_word' id='word_1_227' title='bbox 764 2362 996 2402; x_wconf 90' lang='lat' dir='ltr'>Guidonem</span> <span class='ocrx_word' id='word_1_228' title='bbox 1032 2363 1230 2403; x_wconf 84' lang='lat' dir='ltr'>abbatem</span> <span class='ocrx_word' id='word_1_229' title='bbox 1267 2364 1407 2403; x_wconf 86' lang='lat' dir='ltr'>Sancti</span> <span class='ocrx_word' id='word_1_230' title='bbox 1444 2364 1643 2403; x_wconf 88' lang='lat' dir='ltr'>Martialis</span> <span class='ocrx_word' id='word_1_231' title='bbox 1680 2364 1997 2412; x_wconf 81' lang='lat' dir='ltr'>Lemovicensis,</span> 
     </span>
    </p>
   </div>
   <div class='ocr_carea' id='block_1_4' title="bbox 284 2419 1998 2533">
    <p class='ocr_par' dir='ltr' id='par_1_8' title="bbox 284 2419 1998 2533">
     <span class='ocr_line' id='line_1_28' title="bbox 284 2419 1997 2474; baseline 0.004 -19"><span class='ocrx_word' id='word_1_232' title='bbox 284 2426 477 2468; x_wconf 86' lang='lat' dir='ltr'>nepotem</span> <span class='ocrx_word' id='word_1_233' title='bbox 496 2419 753 2458; x_wconf 88' lang='lat' dir='ltr'>Bernardum</span> <span class='ocrx_word' id='word_1_234' title='bbox 771 2421 900 2459; x_wconf 91' lang='lat' dir='ltr'>Bruni</span> <span class='ocrx_word' id='word_1_235' title='bbox 920 2422 1160 2474; x_wconf 88' lang='lat' dir='ltr'>episcopum</span> <span class='ocrx_word' id='word_1_236' title='bbox 1177 2423 1310 2474; x_wconf 89' lang='lat' dir='ltr'>primo</span> <span class='ocrx_word' id='word_1_237' title='bbox 1332 2423 1592 2463; x_wconf 89' lang='lat' dir='ltr'>Aniciensem</span> <span class='ocrx_word' id='word_1_238' title='bbox 1611 2423 1638 2473; x_wconf 86' lang='lat'>5,</span> <span class='ocrx_word' id='word_1_239' title='bbox 1678 2423 1824 2463; x_wconf 88' lang='lat' dir='ltr'>deinde</span> <span class='ocrx_word' id='word_1_240' title='bbox 1845 2422 1997 2461; x_wconf 88' lang='lat' dir='ltr'>Novio-</span> 
     </span>
     <span class='ocr_line' id='line_1_29' title="bbox 285 2478 1998 2533; baseline 0.005 -21"><span class='ocrx_word' id='word_1_241' title='bbox 285 2490 465 2516; x_wconf 85' lang='lat' dir='ltr'>mensem</span> <span class='ocrx_word' id='word_1_242' title='bbox 486 2478 512 2526; x_wconf 71' lang='lat'>⁶,</span> <span class='ocrx_word' id='word_1_243' title='bbox 558 2487 767 2529; x_wconf 88' lang='lat' dir='ltr'>postremo</span> <span class='ocrx_word' id='word_1_244' title='bbox 794 2480 1196 2521; x_wconf 89' lang='lat' dir='ltr'>Autissiodorensem</span> <span class='ocrx_word' id='word_1_245' title='bbox 1215 2483 1241 2531; x_wconf 83' lang='lat'>⁷,</span> <span class='ocrx_word' id='word_1_246' title='bbox 1288 2483 1337 2522; x_wconf 92' lang='lat' dir='ltr'>de</span> <span class='ocrx_word' id='word_1_247' title='bbox 1365 2496 1445 2532; x_wconf 92' lang='lat' dir='ltr'>quo</span> <span class='ocrx_word' id='word_1_248' title='bbox 1471 2482 1552 2521; x_wconf 89' lang='lat' dir='ltr'>ista</span> <span class='ocrx_word' id='word_1_249' title='bbox 1577 2483 1772 2533; x_wconf 85' lang='lat' dir='ltr'>leguntur</span> <span class='ocrx_word' id='word_1_250' title='bbox 1796 2482 1837 2520; x_wconf 92' lang='lat' dir='ltr'>in</span> <span class='ocrx_word' id='word_1_251' title='bbox 1872 2481 1998 2521; x_wconf 79' lang='lat' dir='ltr'>Gestis</span> 
     </span>
    </p>
   </div>
   <div class='ocr_carea' id='block_1_5' title="bbox 286 2614 1997 3140">
    <p class='ocr_par' dir='ltr' id='par_1_9' title="bbox 339 2614 750 2654">
     <span class='ocr_line' id='line_1_30' title="bbox 339 2614 750 2654; baseline 0.012 -8"><span class='ocrx_word' id='word_1_252' title='bbox 339 2615 365 2647; x_wconf 80' lang='lat'>1.</span> <span class='ocrx_word' id='word_1_253' title='bbox 398 2614 550 2654; x_wconf 82' lang='lat' dir='ltr'>Coulon,</span> <span class='ocrx_word' id='word_1_254' title='bbox 580 2627 613 2649; x_wconf 92' lang='lat' dir='ltr'>n.</span> <span class='ocrx_word' id='word_1_255' title='bbox 645 2617 750 2651; x_wconf 89' lang='grc'>1366.</span> 
     </span>
    </p>

    <p class='ocr_par' dir='ltr' id='par_1_10' title="bbox 287 2668 1997 2770">
     <span class='ocr_line' id='line_1_31' title="bbox 337 2668 1997 2712; baseline 0.004 -13"><span class='ocrx_word' id='word_1_256' title='bbox 337 2670 364 2700; x_wconf 74' lang='grc'><em>·-’.</em></span> <span class='ocrx_word' id='word_1_257' title='bbox 399 2669 426 2700; x_wconf 86' lang='lat' dir='ltr'>ll</span> <span class='ocrx_word' id='word_1_258' title='bbox 443 2668 535 2700; x_wconf 78' lang='lat' dir='ltr'>e&#39;tait</span> <span class='ocrx_word' id='word_1_259' title='bbox 552 2669 825 2703; x_wconf 80' lang='lat' dir='ltr'>certainement</span> <span class='ocrx_word' id='word_1_260' title='bbox 840 2678 940 2704; x_wconf 88' lang='lat' dir='ltr'>mort</span> <span class='ocrx_word' id='word_1_261' title='bbox 953 2672 985 2704; x_wconf 88' lang='lat' dir='ltr'>le</span> <span class='ocrx_word' id='word_1_262' title='bbox 1001 2673 1045 2705; x_wconf 79' lang='lat'>18</span> <span class='ocrx_word' id='word_1_263' title='bbox 1061 2672 1152 2705; x_wconf 71' lang='lat' dir='ltr'>aout</span> <span class='ocrx_word' id='word_1_264' title='bbox 1167 2673 1272 2711; x_wconf 77' lang='lat'>1325,</span> <span class='ocrx_word' id='word_1_265' title='bbox 1289 2684 1362 2712; x_wconf 82' lang='lat' dir='ltr'>car,</span> <span class='ocrx_word' id='word_1_266' title='bbox 1380 2673 1400 2704; x_wconf 76' lang='lat' dir='ltr'>a</span> <span class='ocrx_word' id='word_1_267' title='bbox 1415 2679 1514 2705; x_wconf 87' lang='lat' dir='ltr'>cette</span> <span class='ocrx_word' id='word_1_268' title='bbox 1539 2673 1638 2712; x_wconf 84' lang='lat' dir='ltr'>date,</span> <span class='ocrx_word' id='word_1_269' title='bbox 1662 2673 1828 2706; x_wconf 77' lang='lat' dir='ltr'>l’eveche</span> <span class='ocrx_word' id='word_1_270' title='bbox 1852 2672 1997 2707; x_wconf 82' lang='lat' dir='ltr'>d&#39;Ostie</span> 
     </span>
     <span class='ocr_line' id='line_1_32' title="bbox 287 2721 1996 2770; baseline 0.006 -18"><span class='ocrx_word' id='word_1_271' title='bbox 287 2721 441 2762; x_wconf 65' lang='lat' dir='ltr'>vaqnait</span> <span class='ocrx_word' id='word_1_272' title='bbox 467 2728 501 2754; x_wconf 81' lang='lat' dir='ltr'>ct</span> <span class='ocrx_word' id='word_1_273' title='bbox 524 2722 861 2758; x_wconf 81' lang='lat' dir='ltr'>l&#39;administration</span> <span class='ocrx_word' id='word_1_274' title='bbox 883 2736 929 2757; x_wconf 92' lang='lat' dir='ltr'>en</span> <span class='ocrx_word' id='word_1_275' title='bbox 950 2725 1010 2757; x_wconf 79' lang='lat' dir='ltr'>sut</span> <span class='ocrx_word' id='word_1_276' title='bbox 1032 2724 1174 2758; x_wconf 67' lang='lat' dir='ltr'>confice</span> <span class='ocrx_word' id='word_1_277' title='bbox 1196 2725 1217 2757; x_wconf 76' lang='lat' dir='ltr'>a</span> <span class='ocrx_word' id='word_1_278' title='bbox 1240 2725 1425 2758; x_wconf 83' lang='lat' dir='ltr'>Pandolfo</span> <span class='ocrx_word' id='word_1_279' title='bbox 1447 2725 1585 2758; x_wconf 79' lang='lat' dir='ltr'>Savelli</span> <span class='ocrx_word' id='word_1_280' title='bbox 1610 2725 1766 2769; x_wconf 84' lang='lat' dir='ltr'>(Mollat,</span> <span class='ocrx_word' id='word_1_281' title='bbox 1789 2737 1824 2760; x_wconf 91' lang='lat' dir='ltr'>n.</span> <span class='ocrx_word' id='word_1_282' title='bbox 1849 2726 1996 2770; x_wconf 84' lang='lat'>23032).</span> 
     </span>
    </p>

    <p class='ocr_par' dir='ltr' id='par_1_11' title="bbox 289 2774 1997 2876">
     <span class='ocr_line' id='line_1_33' title="bbox 335 2774 1997 2822; baseline 0.005 -18"><span class='ocrx_word' id='word_1_283' title='bbox 335 2777 364 2805; x_wconf 65' lang='grc'>33.</span> <span class='ocrx_word' id='word_1_284' title='bbox 390 2774 521 2807; x_wconf 66' lang='lat' dir='ltr'>Ualuzc</span> <span class='ocrx_word' id='word_1_285' title='bbox 541 2775 669 2818; x_wconf 86' lang='lat' dir='ltr'>ajoute</span> <span class='ocrx_word' id='word_1_286' title='bbox 690 2782 720 2808; x_wconf 87' lang='lat' dir='ltr'>el</span> <span class='ocrx_word' id='word_1_287' title='bbox 740 2777 886 2810; x_wconf 79' lang='lat' dir='ltr'>domino</span> <span class='ocrx_word' id='word_1_288' title='bbox 902 2778 1107 2821; x_wconf 79' lang='lat' dir='ltr'>Reginaldo</span> <span class='ocrx_word' id='word_1_289' title='bbox 1123 2778 1314 2812; x_wconf 79' lang='lat' dir='ltr'>Hosliensi</span> <span class='ocrx_word' id='word_1_290' title='bbox 1337 2779 1517 2822; x_wconf 81' lang='lat' dir='ltr'>episcopo,</span> <span class='ocrx_word' id='word_1_291' title='bbox 1537 2778 1630 2811; x_wconf 88' lang='lat' dir='ltr'>mais</span> <span class='ocrx_word' id='word_1_292' title='bbox 1649 2790 1707 2811; x_wconf 80' lang='lat' dir='ltr'>ces</span> <span class='ocrx_word' id='word_1_293' title='bbox 1734 2785 1833 2812; x_wconf 85' lang='lat' dir='ltr'>mots</span> <span class='ocrx_word' id='word_1_294' title='bbox 1860 2779 1997 2813; x_wconf 83' lang='lat' dir='ltr'>n&#39;exis—</span> 
     </span>
     <span class='ocr_line' id='line_1_34' title="bbox 289 2828 1896 2876; baseline 0.006 -20"><span class='ocrx_word' id='word_1_295' title='bbox 289 2833 365 2857; x_wconf 63' lang='lat' dir='ltr'>roni</span> <span class='ocrx_word' id='word_1_296' title='bbox 394 2839 457 2869; x_wconf 75' lang='lat' dir='ltr'>pas</span> <span class='ocrx_word' id='word_1_297' title='bbox 485 2828 576 2860; x_wconf 81' lang='lat' dir='ltr'>dans</span> <span class='ocrx_word' id='word_1_298' title='bbox 601 2828 632 2861; x_wconf 85' lang='lat' dir='ltr'>lc</span> <span class='ocrx_word' id='word_1_299' title='bbox 658 2830 865 2863; x_wconf 84' lang='lat' dir='ltr'>manuscrit</span> <span class='ocrx_word' id='word_1_300' title='bbox 891 2831 982 2875; x_wconf 88' lang='lat' dir='ltr'>qu’il</span> <span class='ocrx_word' id='word_1_301' title='bbox 1008 2842 1029 2863; x_wconf 91' lang='lat' dir='ltr'>a</span> <span class='ocrx_word' id='word_1_302' title='bbox 1053 2832 1222 2864; x_wconf 77' lang='lat' dir='ltr'>consulte</span> <span class='ocrx_word' id='word_1_303' title='bbox 1252 2831 1462 2874; x_wconf 87' lang='lat' dir='ltr'>(Toulouse,</span> <span class='ocrx_word' id='word_1_304' title='bbox 1489 2843 1556 2865; x_wconf 90' lang='lat' dir='ltr'>ms.</span> <span class='ocrx_word' id='word_1_305' title='bbox 1583 2831 1664 2872; x_wconf 78' lang='lat'>490,</span> <span class='ocrx_word' id='word_1_306' title='bbox 1690 2832 1715 2865; x_wconf 86' lang='lat' dir='ltr'>f.</span> <span class='ocrx_word' id='word_1_307' title='bbox 1741 2832 1812 2865; x_wconf 88' lang='lat'>454</span> <span class='ocrx_word' id='word_1_308' title='bbox 1836 2831 1896 2876; x_wconf 88' lang='lat' dir='ltr'>r0).</span> 
     </span>
    </p>

    <p class='ocr_par' dir='ltr' id='par_1_12' title="bbox 286 2880 1994 2975">
     <span class='ocr_line' id='line_1_35' title="bbox 338 2880 1994 2928; baseline 0.005 -18"><span class='ocrx_word' id='word_1_309' title='bbox 338 2880 362 2911; x_wconf 73' lang='grc' dir='ltr'>ἰ.</span> <span class='ocrx_word' id='word_1_310' title='bbox 388 2880 464 2912; x_wconf 70' lang='grc' dir='ltr'>Ιίιρ</span> <span class='ocrx_word' id='word_1_311' title='bbox 484 2881 580 2913; x_wconf 77' lang='lat' dir='ltr'>bullo</span> <span class='ocrx_word' id='word_1_312' title='bbox 598 2882 646 2913; x_wconf 85' lang='lat' dir='ltr'>dn</span> <span class='ocrx_word' id='word_1_313' title='bbox 664 2882 708 2915; x_wconf 52' lang='lat'>119</span> <span class='ocrx_word' id='word_1_314' title='bbox 726 2883 922 2916; x_wconf 72' lang='lat' dir='ltr'>decembre</span> <span class='ocrx_word' id='word_1_315' title='bbox 939 2885 1032 2917; x_wconf 77' lang='lat'>1327</span> <span class='ocrx_word' id='word_1_316' title='bbox 1053 2884 1208 2927; x_wconf 58' lang='lat' dir='ltr'>(Mollem,</span> <span class='ocrx_word' id='word_1_317' title='bbox 1228 2896 1262 2917; x_wconf 89' lang='lat' dir='ltr'>n.</span> <span class='ocrx_word' id='word_1_318' title='bbox 1281 2884 1412 2928; x_wconf 82' lang='lat'>30799)</span> <span class='ocrx_word' id='word_1_319' title='bbox 1432 2891 1489 2917; x_wconf 87' lang='lat' dir='ltr'>est</span> <span class='ocrx_word' id='word_1_320' title='bbox 1513 2885 1682 2918; x_wconf 77' lang='lat' dir='ltr'>adressee</span> <span class='ocrx_word' id='word_1_321' title='bbox 1709 2885 1729 2917; x_wconf 74' lang='lat' dir='ltr'>a</span> <span class='ocrx_word' id='word_1_322' title='bbox 1753 2885 1994 2921; x_wconf 77' lang='lat' dir='ltr'>Bercrando...</span> 
     </span>
     <span class='ocr_line' id='line_1_36' title="bbox 286 2933 1220 2975; baseline 0.012 -15"><span class='ocrx_word' id='word_1_323' title='bbox 286 2933 321 2962; x_wconf 73' lang='grc' dir='ltr'>ιἰι</span> <span class='ocrx_word' id='word_1_324' title='bbox 342 2934 551 2975; x_wconf 50' lang='lat' dir='ltr'>episcopum</span> <span class='ocrx_word' id='word_1_325' title='bbox 570 2933 767 2968; x_wconf 69' lang='lat' dir='ltr'>Ostiensem</span> <span class='ocrx_word' id='word_1_326' title='bbox 787 2942 817 2969; x_wconf 78' lang='lat' dir='ltr'>et</span> <span class='ocrx_word' id='word_1_327' title='bbox 838 2936 1090 2970; x_wconf 57' lang='lat' dir='ltr'>Felletrensem</span> <span class='ocrx_word' id='word_1_328' title='bbox 1107 2937 1220 2970; x_wconf 78' lang='lat' dir='ltr'>electo.</span> 
     </span>
    </p>

    <p class='ocr_par' dir='ltr' id='par_1_13' title="bbox 334 2986 1364 3033">
     <span class='ocr_line' id='line_1_37' title="bbox 334 2986 1364 3033; baseline 0.008 -18"><span class='ocrx_word' id='word_1_329' title='bbox 334 2987 362 3016; x_wconf 72' lang='grc' dir='ltr'>Γ».</span> <span class='ocrx_word' id='word_1_330' title='bbox 394 2986 517 3018; x_wconf 64' lang='lat' dir='ltr'>{juin—l.</span> <span class='ocrx_word' id='word_1_331' title='bbox 540 2986 770 3027; x_wconf 74' lang='lat' dir='ltr'>Hier-archia,</span> <span class='ocrx_word' id='word_1_332' title='bbox 793 2996 818 3022; x_wconf 84' lang='lat' dir='ltr'>t.</span> <span class='ocrx_word' id='word_1_333' title='bbox 839 3001 862 3028; x_wconf 73' lang='lat'>1,</span> <span class='ocrx_word' id='word_1_334' title='bbox 885 3002 919 3033; x_wconf 92' lang='lat' dir='ltr'>p.</span> <span class='ocrx_word' id='word_1_335' title='bbox 942 2990 983 3023; x_wconf 84' lang='lat'>91</span> <span class='ocrx_word' id='word_1_336' title='bbox 1010 2990 1068 3033; x_wconf 86' lang='grc'>(10</span> <span class='ocrx_word' id='word_1_337' title='bbox 1088 2990 1364 3033; x_wconf 75' lang='lat' dir='ltr'>sevrier1327).</span> 
     </span>
    </p>

    <p class='ocr_par' dir='ltr' id='par_1_14' title="bbox 335 3038 1486 3087">
     <span class='ocr_line' id='line_1_38' title="bbox 335 3038 1486 3087; baseline 0.009 -20"><span class='ocrx_word' id='word_1_338' title='bbox 335 3040 363 3069; x_wconf 63' lang='grc' dir='ltr'>εὶ.</span> <span class='ocrx_word' id='word_1_339' title='bbox 397 3038 519 3072; x_wconf 52' lang='lat' dir='ltr'>{inlu-1,</span> <span class='ocrx_word' id='word_1_340' title='bbox 545 3040 774 3081; x_wconf 77' lang='lat' dir='ltr'>Ilierarchz&#39;a,</span> <span class='ocrx_word' id='word_1_341' title='bbox 800 3049 825 3075; x_wconf 88' lang='lat' dir='ltr'>t.</span> <span class='ocrx_word' id='word_1_342' title='bbox 848 3054 870 3082; x_wconf 85' lang='lat'>1,</span> <span class='ocrx_word' id='word_1_343' title='bbox 896 3054 929 3086; x_wconf 94' lang='lat' dir='ltr'>p.</span> <span class='ocrx_word' id='word_1_344' title='bbox 953 3044 1023 3076; x_wconf 82' lang='lat'>372</span> <span class='ocrx_word' id='word_1_345' title='bbox 1049 3044 1106 3086; x_wconf 80' lang='lat'>(25</span> <span class='ocrx_word' id='word_1_346' title='bbox 1128 3044 1342 3086; x_wconf 88' lang='lat' dir='ltr'>septembre</span> <span class='ocrx_word' id='word_1_347' title='bbox 1365 3043 1486 3087; x_wconf 78' lang='lat'>1342).</span> 
     </span>
    </p>

    <p class='ocr_par' dir='ltr' id='par_1_15' title="bbox 336 3091 1992 3140">
     <span class='ocr_line' id='line_1_39' title="bbox 336 3091 1992 3140; baseline 0.007 -20"><span class='ocrx_word' id='word_1_348' title='bbox 336 3091 364 3122; x_wconf 76' lang='lat'>7.</span> <span class='ocrx_word' id='word_1_349' title='bbox 395 3091 518 3124; x_wconf 53' lang='grc' dir='ltr'>Ιῖιιὶυι-Ι,</span> <span class='ocrx_word' id='word_1_350' title='bbox 544 3092 771 3133; x_wconf 68' lang='lat' dir='ltr'>llierarclzia,</span> <span class='ocrx_word' id='word_1_351' title='bbox 794 3101 819 3127; x_wconf 86' lang='lat' dir='ltr'>t.</span> <span class='ocrx_word' id='word_1_352' title='bbox 840 3107 862 3134; x_wconf 82' lang='lat'>1,</span> <span class='ocrx_word' id='word_1_353' title='bbox 885 3107 918 3139; x_wconf 94' lang='lat' dir='ltr'>p.</span> <span class='ocrx_word' id='word_1_354' title='bbox 942 3097 1011 3128; x_wconf 83' lang='grc'>120</span> <span class='ocrx_word' id='word_1_355' title='bbox 1036 3096 1095 3139; x_wconf 86' lang='grc'>(14</span> <span class='ocrx_word' id='word_1_356' title='bbox 1114 3097 1190 3129; x_wconf 84' lang='lat' dir='ltr'>mai</span> <span class='ocrx_word' id='word_1_357' title='bbox 1210 3096 1330 3140; x_wconf 84' lang='lat'>1347).</span> <span class='ocrx_word' id='word_1_358' title='bbox 1356 3096 1385 3129; x_wconf 94' lang='lat' dir='ltr'>Il</span> <span class='ocrx_word' id='word_1_359' title='bbox 1405 3102 1559 3129; x_wconf 87' lang='lat' dir='ltr'>mourut</span> <span class='ocrx_word' id='word_1_360' title='bbox 1578 3097 1609 3130; x_wconf 90' lang='lat' dir='ltr'>le</span> <span class='ocrx_word' id='word_1_361' title='bbox 1640 3097 1683 3130; x_wconf 85' lang='lat'>29</span> <span class='ocrx_word' id='word_1_362' title='bbox 1704 3097 1856 3130; x_wconf 86' lang='lat' dir='ltr'>octobre</span> <span class='ocrx_word' id='word_1_363' title='bbox 1885 3097 1992 3132; x_wconf 80' lang='lat'>1349.</span> 
     </span>
    </p>
   </div>
  </div>
 </body>
</html>
