2083 3458
241 225 322 267 278
397 237 401 241 ·
888 232 1039 258 NOTAE
1074 231 1134 256 AD
1169 229 1297 255 VITAs
1596 188 1602 194 v
1821 209 1948 265 [776}

242 322 556 375 dispensationis
578 319 777 359 invidiam
797 317 930 368 rejicit
950 316 991 354 in
1014 314 1262 353 cardinalem
1285 311 1673 362 petragoricensem,
1696 310 1951 349 avunculum

243 382 453 422 Ludovici.
1934 375 1936 378 ’

295 443 413 480 Anno
439 437 761 479 MCCCXLVHI
782 437 808 484 ¹,
834 436 967 474 factus
994 441 1055 472 est
1079 432 1295 483 episcopus
1320 429 1577 469 Albanensis.

296 502 413 539 &nno
434 497 652 538 MCCCLII
672 504 847 535 exeunte
865 508 974 545 papa
994 493 1178 531 Clemens
1198 491 1256 529 VI
1276 490 1484 529 extinctus
1504 497 1577 528 est.
1600 488 1834 528 Cardinales
1853 502 1954 527 vero

244 561 470 610 cogitantes
493 558 540 596 de
562 570 803 603 successore,
825 554 867 592 in
889 553 1094 591 Joannem
1112 549 1337 598 Birellium,
1358 549 1536 601 priorem
1557 548 1787 599 generalem
1808 547 1952 586 Cartu-

243 620 463 666 sianorum,
494 616 760 656 conferebant
799 629 824 651 x
830 621 898 651 ota
930 625 1015 650 sua.
1046 609 1356 659 Talayrandum
1391 623 1488 648 vero
1516 607 1779 659 impedivisse
1806 621 1856 646 ne
1891 606 1950 645 ita

246 679 360 717 fieret
388 677 446 716 ait
474 677 618 714 Petrus
649 672 915 712 Dorlandus2
957 671 998 709 in
1027 669 1221 708 Chronico
1250 667 1512 717 Cartusiensi,
1540 667 1611 707 lib.
1644 667 1698 716 ΙΙ,
1728 680 1816 717 cap.
1847 680 1954 716 xxn,

246 738 422 776 veritum
438 751 486 774 ne
501 736 534 773 is
550 733 719 772 modum
730 739 902 783 poneret
916 729 1032 768 luxui
1044 737 1085 768 et
1097 727 1224 766 fastui
1237 727 1519 767 cardinalium.
1538 727 1684 776 Itaque
1696 734 1787 764 tum
1799 726 1951 764 electus

245 797 323 834 fuit
355 793 617 833 Innocentius
648 793 705 830 VI
734 791 948 829 adnitente
974 789 1017 827 in
1043 788 1184 839 primis
1213 787 1357 827 eodem
1382 786 1658 836 Talayrando‚
1686 793 1735 824 ut
1766 784 1952 835 colligere
1993 828 1997 830 g

242 856 337 894 licet
363 869 412 893 ex
438 853 609 903 epistola
636 851 881 889 Petrarchae
907 862 1030 899 supra
1054 847 1239 886 laudata.

297 914 415 951 Anno
445 911 667 959 MCCCLV,
698 924 791 948 cum
819 916 1009 959 ageretur
1037 907 1086 946 de
1114 906 1330 945 mittendis
1360 906 1538 944 Romam
1567 903 1842 943 cardinalibus
1871 918 1952 942 una

245 987 337 1012 cum
363 973 484 1010 Petro
508 969 740 1017 Bertrandi,
767 968 957 1019 episcopo
985 965 1176 1015 Ostiensi,
1203 980 1276 1016 pro
1303 965 1537 1004 coronando
1566 964 1719 1002 Karolo
1748 963 1803 1001 IV
1827 962 1953 1014 impe-

244 1041 391 1080 ratore,
427 1039 468 1069 et
501 1028 784 1079 Talayrandus
819 1027 1038 1078 episcopus
1068 1025 1311 1064 Albanensis
1346 1033 1388 1063 et
1421 1023 1555 1063 Guido
1590 1022 1827 1062 Portuensis
1862 1037 1955 1061 eum

244 1093 440 1130 honorem
459 1089 535 1128 sibi
554 1088 691 1127 deberi
711 1084 1008 1126 contenderent
1027 1100 1078 1124 ex
1095 1084 1307 1135 privilegio
1330 1098 1498 1122 suarum
1517 1082 1804 1131 Ecclesiarum,
1824 1089 1956 1120 statu-

245 1159 335 1188 tum
350 1158 411 1188 est
427 1149 478 1187 ab
498 1147 738 1186 Innocentio
753 1147 811 1184 VI
827 1160 936 1197 papa
953 1145 1015 1184 die
1032 1144 1190 1184 decima
1206 1143 1440 1183 novembris
1457 1157 1523 1182 eos
1541 1143 1589 1181 de
1604 1142 1693 1192 jure
1709 1156 1794 1180 esse
1810 1141 1957 1180 debere

244 1210 413 1259 legatos,
444 1216 492 1246 ut
523 1208 644 1246 docet
671 1206 773 1245 liber
804 1205 984 1256 episcopi
1016 1204 1214 1243 Ostiensis
1247 1203 1295 1242 de
1327 1217 1373 1241 ea
1412 1201 1616 1252 legatione
1657 1200 1912 1252 conscriptus
1927 1199 1955 1239 3.

247 1269 350 1307 Sane
372 1268 415 1306 in
436 1266 666 1318 pontificali
690 1265 894 1304 Ecclesiae
920 1265 1145 1312 Romanae,
1169 1271 1218 1301 ut
1240 1262 1337 1301 alibi
1361 1262 1555 1310 dicemus,
1579 1269 1661 1300 tres
1685 1260 1866 1312 episcopi
1889 1259 1959 1310 qui

245 1342 436 1378 peragere
464 1326 616 1365 debent
644 1324 953 1364 coronationem
987 1322 1248 1374 imperatoris
1276 1321 1471 1360 dicuntur
1506 1335 1591 1359 esse
1620 1320 1833 1367 Ostiensis,
1862 1319 1957 1357 Por—

247 1388 400 1425 tuensis
419 1394 460 1425 et
477 1384 732 1423 Albanensis.
753 1384 990 1422 Matthaeus
1008 1382 1209 1420 Villanius
1228 1382 1277 1420 de
1294 1395 1340 1420 ea
1357 1396 1398 1419 re
1416 1395 1553 1431 agens,
1570 1380 1640 1418 lib.
1661 1380 1729 1429 IV,
1749 1393 1836 1430 cap.
1857 1393 1958 1417 LXXI

259 1445 486 1497 [Muratorh
519 1453 548 1483 t.
584 1459 669 1492 XIV,
704 1444 777 1482 col.
812 1443 911 1493 286]
947 1442 1089 1481 scribit
1120 1441 1431 1491 Talayrandum
1462 1448 1504 1478 et
1536 1439 1768 1478 Guidonem
1799 1437 1959 1489 magnis

251 1505 396 1543 animis
425 1512 466 1543 et
493 1518 641 1554 magna
671 1502 935 1541 contentione
964 1516 1057 1540 eum
1082 1501 1280 1539 honorem
1308 1499 1527 1551 expetiisse
1560 1506 1600 1537 et
1625 1498 1864 1546 obtinuisse,
1889 1497 1959 1536 sed

249 1573 390 1603 tamen
418 1563 631 1611 remisisse,
655 1562 751 1612 quia
780 1576 890 1613 papa
920 1569 961 1600 et
991 1560 1217 1599 cardinales
1238 1560 1460 1598 noluerunt
1481 1558 1747 1609 suppeditare
1768 1564 1959 1608 sumptus

249 1623 494 1662 necessarios
517 1623 568 1660 ad
588 1622 689 1659 illud
710 1622 787 1660 iter
811 1622 1066 1666 Romanum3
1089 1619 1182 1658 vide
1204 1619 1331 1658 etiam
1348 1618 1684 1668 Boninsegnium,
1703 1632 1742 1668 p.
1761 1616 1850 1655 436.

306 1683 418 1720 Idem
444 1681 657 1730 Villanius,
683 1681 752 1719 lib.
785 1681 852 1729 IV,
881 1695 968 1731 cap.
1006 1694 1169 1718 LXXXVI
1208 1677 1436 1730 [Muratori,
1463 1686 1493 1716 t.
1522 1692 1608 1725 xlv,
1637 1677 1710 1715 col.
1739 1676 1838 1726 298]
1867 1690 1961 1714 eum

252 1742 350 1780 facit
376 1749 587 1780 auctorem
614 1741 747 1779 caedis
776 1740 1051 1790 quorumdam
1077 1738 1278 1777 nobilium
1305 1738 1541 1776 Vasconum
1567 1736 1678 1787 apud
1705 1735 1962 1774 Avenionem

253 1801 477 1839 occisorum
502 1814 609 1838 anno
635 1799 811 1838 eodem
802 1814 844 1837 in
870 1798 1196 1849 quadragesima.

306 1860 462 1898 Eodem
479 1873 599 1907 anno,
619 1873 740 1909 grave
755 1858 936 1908 jurgium
954 1865 1209 1897 commotum
1226 1865 1288 1895 est
1302 1856 1410 1894 inter
1425 1869 1579 1906 papam
1599 1854 1888 1893 Innocentium
1904 1853 1962 1892 VI

253 1926 293 1957 et
311 1890 640 1968 Talayranduiin²3
637 1918 846 1957 occasione
865 1926 1056 1956 motuum
1075 1931 1176 1967 quos
1193 1916 1236 1954 in
1255 1915 1472 1954 Provincia
1490 1914 1686 1953 adversus
1705 1912 1964 1952 Ludovicum

252 1992 387 2028 regem
409 1977 580 2025 Siciliae,
602 1978 831 2027 patruelem
852 1991 986 2025 suum,
1009 1977 1266 2015 excitaverat
1288 1974 1521 2013 Ludovicus
1544 1974 1592 2013 de
1616 1969 1806 2022 Duracio,
1830 1986 1964 2011 comes

254 2037 471 2084 Gravinae,
496 2036 622 2075 frater
653 2036 825 2075 Roberti
853 2036 1047 2087 principis
1078 2036 1252 2074 Moreae.
1278 2034 1354 2073 Hic
1384 2033 1493 2073 enim
1515 2041 1686 2071 castrum
1701 2031 1965 2082 fortissimum

254 2095 501 2144 Provinciae,
524 2096 566 2133 in
586 2110 658 2146 quo
680 2096 782 2133 idem
800 2096 1025 2133 Ludovicus
1053 2095 1280 2133 thesaurum
1299 2108 1418 2132 suum
1442 2092 1594 2141 habuit,
1614 2092 1751 2142 inquit
1771 2091 1963 2130 Albertus

254 2154 560 2205 Argentinensis
580 2155 606 2204 ⁴,
644 2154 837 2203 obtinens,
875 2154 1053 2204 militem,
1092 2155 1136 2192 de
1173 2168 1245 2204 quo
1282 2153 1481 2204 predictus
1518 2151 1743 2190 Ludovicus
1788 2149 1964 2200 confidit,

255 2214 530 2251 custodientem
549 2222 732 2263 castrum,
754 2214 821 2264 qui
841 2222 874 2252 et
893 2213 1104 2252 Clementis
1123 2227 1228 2264 pape
1247 2212 1387 2250 habuit
1406 2211 1548 2262 filiam,
1569 2225 1657 2249 cum
1677 2224 1794 2248 uxore
1814 2208 1961 2260 dejecit,

254 2273 438 2311 omnibus
456 2287 525 2323 per
543 2287 631 2310 eum
649 2273 849 2324 occupatis
869 2273 913 2311 in
930 2281 1053 2311 castro
1073 2272 1246 2323 repertis,
1265 2272 1325 2309 De
1343 2285 1416 2322 quo
1435 2285 1524 2309 cum
1540 2284 1651 2321 papa
1668 2269 1962 2319 Petragoricen·

254 2347 334 2370 sem
352 2332 593 2370 cardinalem
613 2332 791 2382 ipsorum
807 2332 977 2382 fratrum
995 2332 1250 2379 avunculum,
1270 2339 1304 2369 et
1321 2330 1510 2381 quosdam
1528 2329 1629 2368 alios
1647 2328 1868 2367 cardinales
1885 2327 1966 2365 sibi

255 2391 425 2439 faventes
450 2392 493 2429 de
515 2391 691 2440 sautorz'a
714 2391 868 2435 haberet
890 2400 1101 2442 suspectos,
1129 2399 1170 2429 ut
1192 2390 1248 2428 eis
1272 2389 1512 2428 ablationem
1535 2388 1645 2440 pilei,
1673 2388 1753 2439 ipsi
1778 2401 1863 2426 vero
1886 2386 1967 2425 sibi

257 2449 491 2487 divisionem
512 2450 656 2500 capitis
678 2451 937 2499 minarentur,
955 2450 1084 2488 nimia
1097 2449 1298 2488 Avinione
1319 2449 1509 2487 scandala
1526 2456 1620 2486 sunt
1641 2447 1819 2496 suborta;
1839 2460 1966 2497 papa-

258 2523 327 2558 que
343 2509 573 2559 conquisitis
602 2510 879 2559 stipendiariis
910 2510 962 2547 ad
985 2509 1283 2547 custodiendum
1298 2523 1337 2546 se
1363 2508 1407 2546 in
1429 2507 1593 2558 palatiO,
1625 2521 1714 2544 cum
1743 2505 1966 2555 Petragori-

258 2568 382 2605 censis
410 2583 497 2606 cum
517 2568 603 2606 suis
629 2569 762 2618 plures
787 2568 1055 2607 cardinalium
1078 2568 1302 2606 assistentes
1328 2581 1433 2618 pape
1459 2567 1503 2604 de
1523 2566 1610 2604 suis
1636 2565 1761 2604 curiis
1780 2564 1964 2615 ejecisset,

260 2641 367 2676 papa
391 2627 601 2664 Rodanum
635 2628 678 2665 in
710 2628 917 2665 tuitionem
949 2627 1099 2665 Franci
1132 2627 1328 2665 transivit.

312 2687 429 2723 Anno
450 2694 591 2724 tamen
611 2687 767 2734 eodem,
787 2701 815 2724 11
836 2687 916 2726 kal.
939 2686 1091 2734 martii,
1113 2686 1295 2724 obtinuit
1315 2686 1367 2723 ab
1392 2684 1632 2723 Innocentio
1652 2684 1714 2722 uti
1735 2682 1967 2722 Cartusien-

262 2759 320 2782 ses
343 2752 526 2794 tempore
547 2745 757 2784 interdicti
780 2746 1032 2784 celebrarent
1058 2745 1226 2784 missam
1254 2753 1295 2783 et
1330 2744 1408 2782 alia
1441 2743 1582 2782 divina
1611 2742 1756 2791 officia,
1781 2741 1966 2780 conversi

263 2810 301 2840 ct
324 2802 540 2841 [zuniliares
559 2818 698 2842 eorum
720 2804 870 2842 ordinis
892 2813 933 2843 et
954 2804 1080 2843 etiam
1100 2804 1168 2842 alii
1188 2804 1386 2843 seculares
1409 2803 1478 2853 qui
1497 2802 1606 2841 intra
1624 2809 1740 2853 septa
1760 2808 1966 2839 monaste-

317 2945 341 2976 1.
373 2944 420 2976 Le
440 2945 459 2976 li
480 2946 682 2978 novembre
705 2946 850 2989 (Eubcl,
870 2946 1100 2987 Hierarcffia,
1121 2952 1147 2980 t.
1166 2959 1190 2986 1,
1211 2958 1244 2990 p.
1266 2945 1338 2989 16).

313 2998 343 3028 2.
367 2996 545 3037 Man-tenc,
574 2998 737 3031 Veterum
757 3000 986 3043 scriptorum,
1010 3006 1035 3033 t.
1059 3011 1108 3040 vl,
1131 3000 1198 3033 col.
1221 2999 1391 3033 187-190.

313 3050 343 3081 3.
368 3050 551 3082 Jonamu‘s
572 3050 683 3083 Porta
704 3052 743 3084 de
762 3052 993 3092 Annoniaco,
1016 3065 1051 3096 p.
1075 3053 1106 3086 6.

313 3102 344 3134 4.
378 3102 442 3134 Ed.
467 3104 637 3143 ljijhincr,
662 3110 686 3136 t.
708 3116 758 3144 1v,
782 3117 816 3148 p.
842 3106 921 3139 292.
