2083 3458
110 224 260 279 [1179]
629 243 845 267 PAPARUM
881 243 1264 269 AVENIONENSIUM
1721 232 1801 275 697

92 322 150 359 ad
179 322 461 372 excipiendam
494 323 662 371 curiam,
693 339 739 362 eo
770 333 989 374 praetextu
1018 325 1080 363 usi
1110 326 1333 365 cardinales
1363 328 1676 377 ultramontani,
1707 330 1801 380 quia

97 395 179 419 non
212 381 423 419 audebant
458 382 617 432 publice
653 383 772 420 fateri
807 392 939 421 metus
975 399 1081 431 suos,
1117 385 1168 422 ab
1205 386 1372 424 Urbano
1407 387 1659 427 discedentes
1695 390 1801 428 Ana-

98 440 233 489 gniam
252 440 425 490 profecti
443 450 553 487 sunt,
567 450 607 479 et
626 442 718 479 hinc
737 442 789 479 ad
809 442 1005 492 oppidum
1025 444 1273 491 Fundorum,
1290 446 1359 483 ubi
1378 446 1441 484 die
1460 448 1636 485 secunda
1653 448 1800 486 mensis

91 499 259 549 augusti
289 499 513 537 emiserunt
543 500 584 537 in
613 501 824 550 publicum
855 502 1130 541 narrationem
1171 503 1316 543 seriam
1355 519 1495 543 earum
1533 521 1666 545 rerum
1698 521 1800 556 quae

97 558 200 597 circa
237 558 478 598 electionem
516 559 691 598 Romani
730 560 940 598 Pontificis
978 561 1235 610 contigerant
1271 572 1365 613 post
1405 565 1564 603 obitum
1600 566 1800 615 Gregorii3

96 617 160 656 cui
178 617 507 667 subscripserunt
527 618 742 656 duodecim
761 619 1000 666 cardinales,
1020 629 1061 658 et
1079 620 1185 659 inter
1204 622 1275 659 hos
1295 622 1371 660 iste
1391 624 1602 671 Geraldus,
1622 638 1668 663 ac
1687 638 1801 675 prae-

93 685 205 715 terea
225 677 368 715 Petrus
387 676 434 714 de
454 678 597 715 Crosso
615 677 652 715 S.
674 678 721 715 R.
742 678 788 715 E.
807 679 1065 717 camerarius.
1085 680 1215 718 Extat
1232 695 1277 718 ea
1295 682 1475 720 narratio
1492 698 1562 721 seu
1579 683 1800 722 declaratio

94 736 136 773 in
159 735 299 774 multis
325 735 506 785 antiquis
532 733 738 774 codicibus
764 750 879 777 mss.:
906 737 1015 775 edita
1038 753 1134 776 vero
1151 747 1212 777 est
1236 739 1277 777 in
1292 748 1405 779 tomo
1431 750 1579 791 quarto
1599 743 1801 780 Historiae

101 795 380 833 Universitatis
399 795 548 842 Paris„
568 810 606 845 p.
629 795 716 833 468.
741 796 845 833 Hinc
865 797 1052 845 sequenti
1071 811 1207 836 mense
1227 800 1449 849 septembri
1470 809 1557 838 orta
1577 809 1639 839 est
1658 801 1801 840 electio

97 854 314 893 Clementis
343 854 438 901 VII,
466 854 527 892 uti
554 854 738 904 pluribus
766 869 839 892 suo
866 855 953 893 loco
982 855 1175 895 dicemus.

148 913 353 951 Adversus
380 913 495 950 illum
522 922 568 951 ut
595 927 721 950 unum
750 928 799 951 ex
818 914 1045 964 praecipuis
1073 916 1309 955 auctoribus
1327 917 1431 956 illius
1459 918 1665 957 electionis
1687 919 1801 957 effer-

94 972 185 1010 buit
207 972 265 1010 ira
292 972 460 1010 Urbani.
490 973 633 1022 Itaque
658 972 772 1009 illum
796 973 996 1021 dignitate
1022 974 1278 1012 cardinalitia
1302 984 1342 1013 et
1366 977 1571 1015 beneficiis
1596 978 1800 1016 ecclesias-

92 1031 183 1070 ticis
211 1031 412 1081 privavit;
440 1046 531 1070 eum
560 1031 727 1069 vocavit
754 1031 890 1070 virum
916 1032 1173 1080 sceleratum,
1201 1035 1521 1083 schismaticum,
1549 1045 1799 1086 apostatam,

94 1091 394 1141 blasphemum,
419 1091 685 1137 haereticum,
709 1105 821 1127 reum
848 1090 1024 1129 criminis
1050 1092 1180 1130 laesae
1204 1093 1449 1142 majestatis,
1474 1104 1514 1133 et
1539 1104 1671 1134 cetera
1697 1110 1799 1145 quae

94 1150 208 1188 dolor
231 1158 271 1188 et
295 1150 505 1189 iracundia
530 1151 661 1188 solent
681 1149 919 1199 exprimere.
937 1150 1037 1188 Vide
1061 1151 1281 1192 Odoricum
1301 1153 1575 1203 Raynaldum,
1595 1169 1660 1193 an.
1686 1154 1799 1202 1378,

100 1209 117 1257 ,ξ
139 1209 213 1246 105
234 1217 274 1247 et
296 1224 354 1258 sq.
374 1210 504 1247 Immo
524 1210 639 1246 illum
662 1222 824 1258 quoque
845 1209 983 1258 posuit
998 1209 1105 1247 inter
1125 1225 1191 1248 eos
1215 1226 1388 1260 quorum
1406 1214 1599 1252 memoria
1622 1214 1797 1253 nefanda

90 1276 182 1306 erat
193 1267 234 1306 in
248 1270 422 1306 formula
434 1268 659 1318 juramenti
675 1267 885 1305 fidelitatis
901 1268 1010 1317 quod
1026 1268 1101 1306 sibi
1115 1269 1245 1308 facere
1259 1271 1465 1310 debebant
1480 1273 1658 1322 episcopi
1674 1281 1714 1310 et
1729 1273 1797 1310 ab·

93 1327 209 1366 bates
223 1328 384 1366 noviter
399 1328 566 1378 provisi,
593 1336 638 1365 ut
660 1334 778 1377 patet
800 1341 849 1364 ex
873 1327 1110 1366 formulario
1133 1330 1396 1368 cancellariae
1418 1332 1665 1381 apostolicae
1687 1332 1797 1370 edito

90 1401 164 1436 per
175 1387 504 1426 Theodericuma
517 1388 648 1433 Niem,
660 1385 770 1436 quod
782 1393 899 1423 extat
912 1386 953 1422 in
964 1387 1099 1424 codice
1109 1386 1211 1424 3317
1222 1388 1492 1428 bibliothecae
1504 1391 1758 1428 Colbertinae
1769 1391 1796 1428 1.

119 1489 122 1494 .
154 1446 331 1495 Insignia
357 1446 444 1496 ejus
473 1446 673 1496 gentilitia
700 1444 821 1482 isthic
848 1445 990 1482 addita
1027 1455 1193 1495 sumpta
1220 1456 1316 1485 sunt
1342 1463 1392 1486 ex
1417 1449 1545 1498 sigillo
1572 1450 1660 1499 ejus
1689 1450 1796 1499 quod

91 1514 282 1543 servatur
299 1506 341 1543 in
359 1506 526 1544 archivo
546 1503 839 1554 archiepiscopi
863 1504 1151 1543 Narbonensis.

146 2215 259 2253 Obiit
284 2216 493 2255 Avenione
519 2230 627 2255 anno
653 2218 1023 2255 MCCCLXXXIX
1048 2231 1184 2256 mense
1211 2215 1429 2263 februario,
1455 2224 1501 2253 ut
1526 2215 1584 2253 ait
1609 2215 1793 2253 Contelo—

90 2274 171 2312 rius
212 2275 265 2325 [p.
298 2275 371 2312 102
385 2275 411 2325 ].
446 2276 491 2313 In
519 2276 621 2314 libro
650 2276 950 2325 obligationum
977 2277 1225 2314 adnotatum
1253 2283 1315 2313 est
1336 2289 1428 2312 eum
1458 2274 1601 2312 obiisse
1631 2274 1693 2311 die
1723 2288 1794 2310 xlv

90 2333 275 2383 ejusdem
298 2334 460 2373 mensis.
488 2335 722 2385 Onuphrius
751 2335 971 2373 panvinius
998 2350 1069 2372 xlv
1095 2335 1172 2372 kal.
1200 2333 1437 2380 februarias,
1459 2333 1499 2370 id
1532 2341 1606 2379 est,
1632 2332 1694 2369 die
1720 2346 1793 2369 xlx

89 2392 279 2442 januarii.
300 2394 512 2432 Ciaconius
543 2394 588 2443 [t.
607 2409 648 2441 11,
668 2395 741 2433 col.
762 2394 861 2444 611]
883 2409 953 2432 xv1
974 2395 1052 2432 kal.
1066 2393 1216 2433 martii.
1238 2392 1452 2442 Sepultum
1470 2406 1563 2430 eum
1581 2406 1665 2429 esse
1684 2391 1794 2440 apud

90 2451 345 2491 Avenionem
369 2453 499 2490 tradit
521 2461 666 2491 auctor
688 2467 918 2502 anonymus
952 2454 1010 2490 De
1046 2452 1162 2502 gestis
1193 2452 1466 2501 episcoporum
1503 2450 1795 2487 Turonensium

89 2518 123 2547 et
145 2511 334 2548 abbatum
356 2512 777 2560 Illajorismonasterii.
825 2531 826 2534 ¹

144 2570 306 2608 Fratres
342 2570 488 2608 habuit
524 2571 692 2610 Petrum
727 2572 923 2610 abbatem
959 2568 1378 2619 Majorismonasterii,
1414 2568 1477 2606 cui
1512 2567 1718 2613 successit,
1753 2575 1794 2605 et

92 2628 306 2667 Ebbonem
333 2629 570 2679 episcopum
598 2631 904 2677 Carnotensem,
932 2630 980 2667 de
1008 2644 1088 2678 quo
1115 2629 1213 2666 haec
1239 2628 1431 2676 leguntur
1456 2627 1497 2664 in
1523 2625 1651 2664 veteri
1678 2625 1793 2663 Cata-

91 2688 176 2737 logo
215 2688 490 2738 episcoporum
528 2688 834 2726 Carnotensium
859 2703 905 2727 ea
938 2687 1104 2726 omnino
1128 2693 1375 2736 tempestate
1407 2685 1589 2735 scripto:
1618 2685 1727 2722 Ebho
1751 2685 1795 2721 de

88 2747 228 2794 Podio,
248 2747 314 2797 qui
333 2756 421 2784 ante
438 2756 519 2785 erat
535 2748 782 2785 subdecanus
800 2747 1067 2784 Carnotensis.
1088 2744 1342 2794 Reedifi'cavit
1359 2759 1429 2793 pro
1446 2752 1555 2793 parte
1573 2743 1795 2781 manerium

89 2806 133 2843 de
166 2807 290 2843 Ponte
331 2806 485 2844 Goerni.
522 2806 631 2844 Obiit
664 2821 769 2843 anno
786 2806 951 2843 Domini
975 2805 1181 2843 millesimo
1215 2803 1522 2850 CCCLXXIX,
1557 2802 1618 2840 die
1643 2802 1795 2839 XXVI

89 2865 236 2902 mensis
277 2865 472 2914 februarii
491 2864 518 2903 2.
559 2865 668 2903 Jacet
715 2865 757 2902 in
791 2865 951 2902 ecclesia
987 2863 1123 2902 Sancti
1153 2862 1352 2900 Johannis
1388 2862 1430 2899 in
1479 2862 1640 2910 Valle-eja
1674 2874 1794 2910 prope

87 2924 221 2973 majus
241 2925 374 2962 altare.
401 2924 457 2962 De
474 2923 560 2973 ejus
583 2923 778 2962 electione
795 2924 894 2961 haec
911 2923 1115 2961 habentur
1135 2921 1177 2959 in
1195 2921 1375 2971 quodam
1396 2920 1498 2958 libro
1510 2920 1793 2970 homagiorum

135 3053 169 3086 1.
200 3053 240 3086 Β.
268 3053 325 3090 N.,
349 3064 416 3086 ms.
440 3052 536 3085 latin
558 3053 662 3092 4169,
687 3052 748 3085 fol.
774 3053 818 3085 80
841 3056 891 3084 v0.

137 3107 168 3139 2.
200 3106 306 3146 1380,
327 3117 362 3139 n.
384 3111 430 3139 st.
