2083 3458
121 271 245 329 [970]
648 293 865 319 PAPARUM
900 294 1284 322 AVENIONENSIUM
1724 283 1805 325 487

107 371 374 421 de‘Valriaco,
396 374 554 412 Heliam
575 376 623 414 de
645 376 875 426 Ronarello,
895 378 1098 416 Joannem
1115 379 1152 415 la
1182 378 1415 428 Manhama,
1442 381 1737 430 Raymundum
1756 383 1805 421 de

109 430 376 482 Rapistagno,
400 433 657 483 Stephanum
679 436 864 485 Teulerii,
896 437 1149 475 Galhardum
1171 438 1219 476 de
1244 437 1360 476 Nova
1385 440 1577 488 Ecclesia,
1602 442 1805 480 joannem

106 490 306 540 Columbi,
342 492 511 531 Petrum
547 494 669 542 Ruffi,
702 495 960 535 Bernardum
994 496 1043 535 de
1086 497 1251 543 Casaca‚
1287 498 1509 537 Geraldum
1543 500 1715 538 (laudias
1762 508 1803 538 et

106 548 310 588 Joannem
342 552 390 590 de
422 551 567 592 Vebra.
603 554 740 602 Porro,
773 563 820 592 ut
850 555 945 593 illuc
986 569 1149 605 quoque
1190 555 1322 594 obiter
1362 557 1510 605 dicam,
1553 560 1730 598 „loannes
1762 561 1799 597 la
1836 595 1845 600 ,

106 607 325 648 Manhama
350 611 515 650 videtur
537 612 659 651 fuisse
684 627 733 650 ex
756 615 899 652 eadem
923 623 1042 664 gente
1066 629 1114 653 ex
1140 629 1219 664 qua
1243 616 1396 665 prodiit
1422 617 1541 667 Hugo
1580 618 1800 656 Manhama

103 667 316 719 episcopus
359 670 612 721 Segobiensis
654 686 761 711 anno
804 674 1017 712 millesimo
1059 674 1373 723 CCCLXXVII,
1415 684 1462 712 ut
1501 678 1648 726 legitur
1689 678 1799 728 apud

104 726 326 767 Gariellum
350 730 391 768 in
418 731 525 768 Serie
550 733 779 781 praesulum
804 733 1172 782 lbIagalonensium,
1198 748 1284 784 par.
1316 735 1368 782 ΙΙ,
1396 750 1432 784 p.
1463 736 1549 775 104,

158 787 281 826 Dedit
309 789 403 828 huic
433 791 600 841 collegio
634 792 895 830 Innocentius
925 793 1059 831 varios
1088 793 1211 831 libros
1239 793 1340 843 juris
1371 794 1499 832 civilis
1530 804 1569 833 et
1599 796 1797 843 canonici,

103 860 277 895 quorum
307 850 517 899 catalogus
548 851 776 888 etiamnum
805 852 982 890 habetur
1009 852 1052 890 in
1080 853 1247 890 archivo
1277 853 1461 902 ejusdem
1490 855 1658 904 collegii.
1694 855 1796 892 Illud

102 919 264 957 quoque
288 909 424 958 placet
447 909 596 948 addere
619 911 660 948 in
676 911 751 949 hoc
774 911 876 959 loco,
903 912 1117 961 collegium
1140 912 1252 950 istud
1276 913 1438 961 asylum
1454 913 1576 951 fuisse
1593 914 1679 951 viro
1704 915 1795 952 doc-

100 965 258 1006 tissimo
279 969 496 1007 Guillelmo
515 970 692 1019 Bigotio,
714 971 783 1020 qui
806 979 978 1009 vexatus
1000 971 1050 1008 ab
1071 972 1244 1009 inimicis
1265 971 1362 1019 suis,
1383 972 1463 1010 illic
1481 973 1606 1010 latuit
1625 988 1696 1023 per
1715 981 1795 1011 tres

101 1038 270 1066 menses.
292 1027 507 1066 Testatum
526 1029 567 1067 id
585 1029 670 1080 ipse
690 1030 790 1068 facit
808 1030 848 1067 in
868 1030 1051 1079 Epistola
1069 1031 1286 1080 antilogica
1304 1031 1505 1080 praeludii
1523 1031 1796 1082 philosophiae

99 1083 351 1135 christianae,
382 1087 452 1125 ubi
482 1103 519 1138 p.
554 1088 601 1126 10
630 1090 708 1127 ista
739 1090 931 1139 leguntur
962 1106 969 1127 ε
1004 1090 1127 1127 Initio
1169 1090 1351 1127 Tolosam
1380 1090 1469 1128 veni
1497 1091 1549 1128 ad
1584 1091 1796 1140 septimum

99 1144 281 1182 calendas
307 1147 485 1196 octobris,
515 1147 654 1186 ubi-in
679 1149 943 1198 empectatione
967 1149 1190 1198 praedictae
1218 1149 1495 1199 inquisitionis
1520 1150 1620 1187 latui
1646 1164 1796 1187 menses

97 1210 173 1240 cres
198 1206 309 1254 apud
330 1206 427 1244 Divi
453 1207 639 1245 Marcelli
663 1208 872 1255 studiosos,
901 1223 1018 1258 quam
1045 1223 1129 1246 vero
1169 1209 1226 1246 ibi
1252 1209 1478 1246 humaniter
1502 1216 1687 1247 tractatus
1717 1224 1795 1246 non

99 1263 225 1301 verbis
257 1265 374 1313 facile
408 1280 631 1316 consequar.
671 1268 813 1306 Posuit
847 1276 988 1306 autem
1021 1268 1206 1318 Bigotius
1243 1268 1429 1305 Illarcelli
1463 1282 1536 1318 pro
1572 1268 1793 1316 Martialis,

99 1330 209 1360 certo
235 1338 380 1372 errore,
406 1333 452 1363 ut
477 1338 597 1377 supra
625 1342 662 1377 p.
691 1327 778 1366 963.
809 1327 977 1364 Nullum
1002 1327 1110 1366 enim
1135 1327 1245 1378 apud
1272 1328 1462 1365 Tolosam
1496 1327 1709 1377 collegium
1734 1335 1795 1366 est

99 1383 209 1429 quod
238 1393 408 1422 vocetur
437 1385 485 1424 de
514 1386 678 1424 nomine
709 1386 846 1424 Sancti
878 1387 1068 1426 Marcelli.
1102 1387 1160 1425 De
1196 1386 1358 1436 Bigotio
1388 1401 1507 1437 porro
1537 1387 1629 1425 vide
1664 1387 1795 1424 Vitam

98 1440 207 1478 Petri
224 1442 442 1482 Castellani
459 1445 597 1493 magni
615 1445 812 1483 Franciae
829 1446 1139 1496 eleemosynarii,
1156 1461 1194 1496 p.
1217 1446 1303 1494 131,
1325 1446 1410 1485 163.

152 1500 194 1540 Ρ.
218 1501 308 1550 329,
330 1503 398 1553 lig.
424 1504 458 1543 5.
485 1505 606 1542 GUTA
633 1519 683 1542 ET
707 1519 922 1544 PODAGRA.
949 1505 1115 1544 Gattico
1141 1506 1258 1555 (Acta
1279 1506 1431 1554 selecta,
1455 1521 1494 1556 p.
1522 1506 1584 1553 14)
1611 1520 1632 1543 a
1656 1505 1795 1556 publie

98 1574 153 1597 un
173 1569 286 1600 texte
306 1562 554 1602 interessant
575 1579 643 1602 sur
662 1564 778 1602 l'etat
802 1565 850 1603 de
871 1567 988 1603 sante
1009 1565 1063 1602 du
1084 1579 1189 1615 pape
1212 1581 1219 1603 ε
1251 1564 1466 1602 Sciendum
1496 1573 1551 1602 est
1570 1566 1671 1615 quod
1689 1578 1795 1602 anno

98 1618 332 1659 Nativitatis
352 1623 519 1661 Domini
542 1623 801 1661 MCCCLVI
824 1624 976 1674 infesto
999 1624 1305 1674 Purificationis
1334 1624 1462 1662 beatae
1478 1624 1639 1661 Mariae
1658 1623 1796 1661 Domi-

98 1694 184 1727 nae,
208 1680 464 1720 Innocentius
484 1697 594 1732 papa
619 1683 679 1720 VI
697 1683 776 1732 fuit
796 1692 981 1732 gravatus
1001 1698 1025 1720 a
1047 1692 1155 1733 gutta
1174 1684 1255 1720 sive
1269 1684 1459 1733 podagra,
1482 1685 1576 1721 adeo
1597 1685 1698 1733 quod
1717 1697 1796 1720 non

97 1739 225 1788 potuit
245 1740 348 1778 exire
369 1756 563 1780 cameram
584 1757 713 1788 suam,
736 1751 770 1780 et
793 1743 876 1780 ideo
900 1743 943 1780 in
965 1743 1065 1780 dicto
1085 1743 1181 1792 sesto
1204 1757 1283 1780 non
1303 1742 1465 1791 fuerunt
1486 1744 1619 1780 dataec
1633 1742 1795 1780 andelae

97 1797 154 1835 eis
176 1813 246 1848 per
269 1815 419 1850 papam
445 1801 488 1839 in
512 1802 654 1843 missa:
680 1802 770 1840 voit·
793 1803 901 1840 aussi
928 1802 1110 1840 Martene
1136 1810 1177 1840 et
1204 1802 1373 1840 Durand
1401 1802 1647 1852 (Thesaurus
1672 1814 1796 1839 novus

95 1859 382 1907 anecdotorum,
410 1869 439 1900 t.
468 1875 509 1908 11,
538 1862 611 1901 col.
641 1861 843 1910 946-947).

151 1917 192 1956 P.
214 1918 304 1966 329,
323 1919 389 1969 lig.
410 1919 471 1958 33.
498 1921 545 1957 IN
566 1935 671 1958 PACE
694 1934 878 1967 Qmssvrr,
899 1935 940 1957 eo
966 1921 1218 1970 potissimum
1249 1929 1430 1970 tempore,
1458 1921 1594 1970 inquit
1616 1920 1793 1967 Platina,

96 1991 169 2026 quo
193 1986 227 2015 et
250 1978 462 2016 Bartholus
488 1979 778 2029 Sazoferratus,
805 1980 864 2017 vir
889 1980 959 2017 illa
982 1987 1104 2017 aetate
1128 1980 1307 2016 omnium
1332 1980 1661 2017 consultissimus.
1691 1980 1794 2016 Utar

97 2045 238 2075 autem
261 2038 337 2076 hac
362 2039 573 2078 occasione
597 2047 644 2077 ut
670 2040 794 2077 linem
817 2039 1029 2089 imponam
1055 2039 1357 2077 controversiae
1383 2039 1430 2077 de
1447 2054 1554 2077 anno
1580 2053 1660 2088 quo
1684 2038 1793 2075 idem

95 2095 315 2136 Bartholus
336 2107 552 2148 exemptus
574 2106 635 2137 est
654 2099 773 2137 rebus
794 2098 997 2137 humanis.
1021 2098 1151 2136 Multa
1172 2098 1280 2136 enim
1300 2098 1465 2136 variant
1485 2099 1533 2136 de
1554 2106 1684 2135 morte
1705 2097 1790 2146 ejus

95 2164 294 2196 auctores.
327 2157 371 2195 In
397 2159 505 2196 calce
529 2158 670 2207 itaque
696 2157 844 2196 codicis
870 2155 948 2194 479
971 2157 1244 2195 bibliothecae
1270 2157 1528 2196 Colbertinae
1547 2157 1560 2179 ¹
1585 2157 1644 2194 ita
1669 2156 1791 2205 scrip-

96 2222 186 2252 tum
212 2225 273 2254 est
298 2216 529 2266 antiquitus
558 2233 564 2254 :
592 2217 771 2267 Explicit
794 2217 939 2254 lectura
964 2217 1116 2253 domini
1142 2216 1295 2253 Bartoli
1320 2217 1364 2253 cle
1390 2216 1639 2265 Saroserrato
1663 2215 1792 2264 legum

93 2275 408 2313 excellentissimi
429 2267 606 2324 doctoris,
629 2276 695 2326 qui
715 2276 814 2313 obiit
833 2290 938 2313 anno
955 2275 1122 2313 Domini
1144 2274 1440 2321 MCCCLVIl,
1462 2291 1538 2316 ΧΗ]
1565 2275 1626 2311 die
1647 2273 1792 2311 mensis

91 2332 203 2382 julii,
234 2342 268 2372 et
295 2336 474 2384 sepultus
503 2343 558 2373 est
588 2335 631 2372 in
661 2335 814 2373 civitate
844 2335 1006 2372 Perusii
1038 2335 1081 2372 in
1112 2334 1254 2372 Sancto
1285 2334 1499 2371 Francisco
1527 2333 1641 2382 juxta
1670 2333 1791 2370 altare

95 2405 284 2441 magnum
312 2395 363 2432 ad
389 2395 491 2432 latus
519 2395 708 2441 dextrum,
737 2402 829 2431 tunc
855 2394 985 2443 legens
1014 2394 1057 2431 in
1091 2394 1221 2430 studio
1250 2393 1423 2439 Perusii,
1453 2401 1486 2429 et
1512 2392 1626 2441 cujus
1653 2392 1791 2429 anima

95 2453 308 2501 requiescat
334 2454 376 2490 in
401 2468 496 2503 pace
517 2454 594 2491 Dei
620 2453 904 2500 misericordia,
931 2460 1117 2501 regnante
1140 2452 1378 2501 Imperatore
1408 2451 1570 2497 Karolo,
1607 2450 1791 2487 Bohemie

93 2524 190 2559 rege.

149 2570 190 2608 P.
216 2570 305 2617 330,
328 2571 393 2621 lig.
420 2571 453 2611 1.
481 2572 558 2608 Dm
584 2586 641 2609 ΧΠ
665 2585 818 2609 MENSIS
840 2569 1141 2609 SEPTEMBRIS2.
1163 2571 1250 2617 Qua
1268 2569 1331 2607 die
1354 2577 1415 2607 est
1436 2569 1651 2618 ipsiusmet
1671 2569 1788 2605 Inno—

95 2630 218 2667 centii
248 2630 510 2668 institutione
542 2632 720 2669 solemne
737 2631 823 2680 ejus
856 2629 1182 2667 anniversarium
1214 2628 1380 2677 singulis
1413 2628 1528 2665 annis
1562 2627 1790 2665 celebratur

89 2688 136 2726 in
157 2689 300 2727 eodem
321 2689 500 2738 collegio.
525 2690 637 2738 Quae
658 2689 882 2736 institutio,
905 2689 974 2726 diu
995 2688 1226 2725 intermissa
1248 2702 1319 2736 per
1338 2686 1538 2724 incuriam
1559 2700 1698 2723 eorum
1720 2686 1788 2735 qui

94 2755 190 2785 ante
211 2762 283 2786 nos
304 2748 384 2785 illic
405 2748 585 2796 fuerunt,
608 2749 774 2786 demum
794 2762 902 2785 anno
925 2747 1071 2784 MDCL
1093 2746 1262 2784 reducta
1284 2754 1324 2783 et
1353 2753 1544 2783 revocata
1567 2753 1642 2792 est,
1663 2758 1727 2782 me
1747 2744 1788 2781 in

94 2806 233 2856 primis
268 2815 538 2857 promovente
572 2815 613 2846 et
647 2815 828 2857 urgente.
870 2807 914 2843 ln
950 2805 1237 2854 ,Martyrologio
1280 2804 1478 2841 Ecclesiae
1512 2803 1790 2840 Noviomensis

142 2954 173 2986 1.
203 2953 242 2987 B.
274 2954 330 2993 N„
359 2966 425 2987 ms.
452 2955 547 2987 latin
572 2954 666 2988 4494
686 2953 712 2994 3,
739 2954 800 2988 fol.
829 2954 898 2986 446
923 2957 966 2986 r0.

143 3007 174 3039 2.
198 3006 337 3050 Nuper,
364 3019 516 3050 namque
539 3008 697 3041 videlicet
720 3008 765 3040 II
789 3007 870 3040 idus
891 3005 1101 3049 septembris
1123 3005 1282 3047 proximi
1304 3004 1430 3047 elapsi,
1454 3005 1516 3047 pie
1536 3005 1791 3038 recordationis

95 3059 304 3093 Innocentio
320 3071 421 3103 papa
440 3060 505 3098 VI,
518 3061 757 3104 predecessore
771 3064 899 3109 nostro,
917 3059 1013 3091 viam
1029 3058 1191 3090 universe
1207 3057 1328 3089 carnis
1344 3057 1512 3099 ingresso,
1530 3057 1585 3090 dit
1601 3057 1743 3090 Urbain
1757 3057 1790 3090 V

98 3112 340 3155 (Lecacheux‚
363 3125 397 3146 n.
421 3113 468 3156 3).
491 3132 539 3136 —-
560 3113 714 3157 D'apres
735 3114 785 3146 les
806 3112 915 3145 livres
938 3112 981 3143 de
1003 3111 1037 3143 la
1060 3109 1241 3143 chambre
1265 3110 1509 3153 apostolique,
1535 3110 1716 3143 Innocent
1737 3110 1790 3143 VI

95 3172 248 3198 mourut
269 3166 356 3198 hora
377 3177 468 3199 none
493 3165 668 3208 (Schafen
691 3165 866 3199 Benedilst
886 3163 983 3202 XII,
1007 3175 1041 3206 p.
1066 3162 1160 3206 813).
