2083 3458
247 247 328 287 812
897 261 1048 286 NOTAE
1083 260 1143 285 AD
1178 260 1306 284 viTAs
1800 243 1955 299 [1295]

302 346 404 396 [Fol.
444 345 520 384 246
542 346 592 396 ΓΟ]
636 346 912 395 Allegationes
956 345 1174 394 cujusdam
1212 345 1253 382 in
1291 344 1400 383 facto
1433 344 1656 391 electionis,
1690 345 1731 382 in
1769 345 1955 385 favorem

249 405 417 443 Urbani.
450 405 658 455 Incipiunt
686 421 692 442 τ
725 405 775 442 In
801 404 1000 455 questione
1027 404 1198 453 presenti
1225 404 1312 441 licet
1338 403 1452 441 multi
1479 404 1659 442 valentes.

303 466 392 503 Huc
413 479 543 517 usque
568 464 649 502 duo
673 464 885 503 volumina
907 478 1120 514 processus
1145 463 1245 502 facti
1267 471 1308 501 et
1330 462 1465 501 habiti
1486 477 1626 503 coram
1641 478 1732 513 rege
1755 464 1953 503 Castellae

249 539 368 574 super
401 524 621 563 schismate
656 532 800 562 exorto
832 523 875 561 in
909 523 1090 562 Ecclesia
1128 522 1202 561 Dei
1233 531 1403 573 propter
1437 522 1538 561 duos
1573 523 1870 562 contendentes
1904 523 1953 562 de

249 598 410 623 summo
443 583 708 633 pontificatu.
1916 623 1919 627 „

305 644 347 681 Ρ.
382 643 471 691 484,
504 642 569 693 lig.
599 643 660 681 14.
686 643 938 681 GUTERRIUS
965 642 1148 680 GOMEcn
1176 641 1243 692 qui
1266 642 1309 680 de
1336 641 1624 692 potentioribus
1649 641 1762 691 regni
1790 639 1956 681 Castelle

250 702 394 749 existit,
414 710 461 740 ut
481 701 682 752 scripturn
702 710 764 740 est
783 701 1016 751 antiquitus
1037 715 1059 739 a
1081 701 1263 751 quodam
1283 700 1389 739 illius
1414 700 1610 752 temporis
1638 701 1682 738 in
1711 700 1849 740 codice
1878 701 1957 741 811

249 761 523 800 bibliothecae
549 761 807 800 Colbertinae
826 760 854 799 1.
882 761 999 799 Unde
1024 769 1189 799 constat
1213 761 1479 799 vehementer
1502 775 1633 799 errare
1657 775 1723 799 eos
1750 760 1819 812 qui
1841 760 1956 799 illum

250 821 385 872 patria
419 820 693 871 Arragonium
724 820 847 858 fuisse
879 820 1065 859 scribunt
1105 829 1146 874 et
1185 829 1405 861 accensent
1446 820 1556 870 genti
1588 820 1636 858 de
1670 821 1785 858 Luna
1805 820 1833 859 2.
1861 820 1956 859 Fuit

252 880 466 931 episcopus
496 880 736 918 Palentinus
764 880 806 917 in
833 894 957 930 regno
986 879 1242 930 Legionensi,
1271 894 1387 918 carus
1416 880 1643 918 admodum
1669 879 1846 919 Henrico
1873 879 1958 930 regi

255 941 467 987 Castellae‚
501 939 571 990 qui
601 940 756 989 legatos
789 939 841 977 ad
875 939 1115 989 Gregorium
1149 939 1210 977 XI
1243 939 1413 977 mittens
1445 953 1554 977 anno
1586 938 1956 978 MCCCLXXVIII

254 999 308 1038 eis
326 1000 433 1038 inter
450 1008 584 1038 cetera
602 998 717 1037 dedit
734 999 776 1036 in
793 998 1017 1046 mandatis,
1035 1007 1083 1037 ut
1094 999 1203 1037 hunc
1217 999 1435 1038 Guterium
1452 999 1493 1036 in
1508 1013 1670 1038 sacrum
1685 998 1956 1037 cardinalium

255 1059 468 1109 collegium
496 1058 674 1097 adscribi
701 1058 866 1096 nomine
894 1073 967 1097 suo
996 1067 1185 1109 peterent
1212 1072 1235 1096 a
1265 1058 1471 1109 Gregorio.
1502 1059 1696 1096 Testatur
1723 1058 1823 1096 illud
1850 1073 1955 1097 unus

253 1118 491 1157 eorumdem
509 1119 741 1168 legatorum
762 1118 936 1156 Alvarus
959 1118 1126 1156 Martini
1144 1118 1185 1155 in
1206 1117 1462 1168 depositione
1482 1132 1569 1165 sua,
1591 1117 1660 1167 qui
1680 1117 1735 1156 sic
1755 1118 1897 1157 scribit
1912 1117 1927 1140 3
1948 1135 1955 1156 :

252 1178 404 1216 Deinde
423 1178 519 1227 forte
542 1178 584 1215 in
604 1177 772 1215 XXIII
792 1177 853 1215 die
875 1177 1001 1215 madii
1023 1178 1080 1215 vel
1100 1177 1298 1215 modicum
1318 1177 1416 1215 citra
1437 1178 1495 1215 vel
1515 1178 1631 1225 ultra,
1653 1178 1748 1227 quia
1773 1178 1957 1216 dominus

256 1237 543 1275 Ambianensis
571 1237 723 1275 diderat
748 1237 907 1274 domino
941 1237 1158 1275 Giennensi
1185 1246 1219 1275 et
1245 1237 1365 1275 michi
1392 1238 1495 1288 quod
1519 1252 1629 1287 papa
1657 1237 1699 1275 in
1725 1237 1827 1275 brevi
1853 1252 1956 1276 crea-

255 1297 400 1335 tionem
431 1297 700 1334 cardinalium
730 1297 856 1346 jacere
891 1296 1127 1344 intendebat,
1163 1297 1310 1334 ivimus
1340 1294 1472 1334 socius
1504 1305 1538 1334 et
1569 1311 1637 1346 ego
1669 1298 1721 1334 ad
1752 1297 1958 1335 dominum

257 1357 393 1394 Sancti
410 1357 531 1403 Petri,
549 1371 619 1406 pro
634 1370 675 1393 eo
691 1357 793 1406 quod
808 1356 930 1394 nimis
946 1365 1028 1394 erat
1042 1371 1146 1406 pape
1160 1364 1342 1406 acceptus
1357 1365 1391 1394 et
1406 1356 1448 1393 in
1463 1371 1534 1393 suo
1549 1356 1700 1406 palatio
1717 1357 1957 1405 morabatur,

257 1424 290 1454 et
311 1416 404 1466 quia
425 1416 580 1454 amicus
600 1424 681 1453 erat
702 1415 854 1453 domini
876 1424 968 1453 tunc
990 1416 1300 1454 Palentinensis.
1325 1415 1403 1454 Cui
1427 1416 1618 1453 instanter
1638 1416 1958 1466 supplicavimus

258 1476 359 1525 quod
395 1475 475 1513 sibi
514 1476 681 1525 placeret
718 1475 858 1513 habere
897 1475 1251 1513 recommendatam
1289 1475 1509 1525 predictam
1544 1475 1751 1513 dominum
1781 1476 1958 1514 Palenti-

259 1549 418 1572 nensem
440 1543 597 1585 propter
621 1535 805 1572 bonorem
829 1535 981 1572 domini
1006 1535 1108 1584 regis
1133 1536 1185 1573 ad
1201 1535 1495 1573 cardinalatum
1515 1549 1585 1585 pro
1609 1549 1650 1572 eo
1674 1535 1957 1585 supplicantis,

259 1594 336 1645 Qui
362 1594 461 1632 inter
484 1594 567 1632 alia
591 1594 705 1631 nobis
729 1594 830 1632 dixit
855 1594 897 1631 in
920 1594 1059 1644 effectu
1083 1595 1185 1645 quod
1208 1594 1393 1632 dominus
1416 1610 1526 1644 papa
1549 1609 1629 1632 non
1651 1595 1860 1645 reputabat
1889 1609 1960 1632 nos

256 1654 547 1692 ambassiatores
566 1654 617 1691 ad
635 1668 737 1701 eum,
758 1668 829 1703 pro
848 1668 889 1690 eo
909 1655 1011 1703 quod
1030 1669 1108 1691 non
1126 1655 1331 1703 fueramus
1352 1654 1465 1691 missi
1485 1655 1537 1691 ad
1555 1668 1656 1701 eum,
1677 1655 1744 1692 sed
1761 1655 1813 1692 ad
1836 1655 1958 1692 dorni-

258 1728 356 1751 num
385 1713 630 1762 Gregorium,
658 1713 815 1763 ideoque
840 1714 1009 1751 multum
1031 1714 1261 1763 expediebat
1284 1714 1386 1763 quod
1409 1713 1577 1751 velocius
1601 1728 1719 1763 quam
1756 1728 1959 1764 possemus

256 1773 514 1810 scriberemus
541 1772 700 1810 domino
727 1781 856 1810 nostro
882 1773 965 1822 regi
992 1774 1094 1823 quod
1117 1773 1253 1810 statim
1280 1773 1443 1811 mitteret
1475 1787 1568 1810 suos
1593 1773 1884 1811 ambasciatores
1910 1775 1962 1812 acl

257 1832 464 1869 dominum
477 1847 640 1882 papam,
656 1840 689 1869 et
704 1833 805 1882 quod
817 1832 1108 1870 ambasciatores
1124 1832 1190 1870 isti
1204 1841 1329 1870 essent
1342 1833 1562 1883 solempnes
1572 1841 1606 1870 et
1624 1833 1714 1870 bene
1727 1833 1959 1883 solempnes,

259 1900 291 1929 et
312 1900 403 1929 tunc
423 1906 532 1942 papa
551 1892 694 1940 faceret
718 1891 907 1941 quicquid
927 1906 992 1929 rex
1013 1892 1120 1930 vellet
1140 1900 1174 1929 et
1193 1892 1448 1942 supplicaret.
1473 1892 1586 1942 Quod
1606 1892 1700 1942 quia
1722 1892 1836 1930 nobis
1858 1893 1958 1930 vide-

262 1951 385 1998 batur,
405 1959 498 1998 etc.‚
518 1959 564 1989 ut
583 1965 707 2001 supra
727 1965 766 2001 p.
790 1950 904 1989 1191.
927 1951 1118 1989 Urbanus
1138 1960 1279 1989 tamen
1298 1966 1380 1989 non
1398 1951 1638 2001 expectavit
1656 1966 1784 1990 novos
1803 1952 1959 2002 legatos

258 2011 400 2060 regios,
427 2010 497 2048 sed
522 2010 563 2047 in
587 2010 720 2060 prima
746 2010 891 2048 statim
917 2011 1122 2049 creatione
1149 2010 1420 2049 cardinalium
1445 2011 1554 2049 hunc
1580 2010 1797 2050 Guterium
1822 2011 1960 2050 evexit

256 2070 310 2107 ad
345 2069 591 2119 dignitatem
626 2069 857 2108 cardinalis.
898 2069 1011 2109 Idem
1048 2071 1220 2108 Alvarus
1256 2070 1361 2108 infra
1399 2086 1405 2107 :
1442 2071 1584 2108 Postea
1624 2070 1813 2108 Urbanus
1846 2071 1964 2109 rediit

263 2129 436 2167 Romam.
468 2129 519 2166 Et
547 2129 733 2178 temporis
761 2143 985 2179 progressu,
1013 2129 1099 2178 jam
1127 2130 1307 2178 defuncto
1336 2129 1495 2167 domino
1524 2129 1662 2168 Sancti
1691 2130 1815 2178 Petri,
1843 2138 1878 2168 et
1903 2130 1962 2168 sic

256 2189 365 2226 nullo
395 2188 666 2226 cardinalium
695 2188 880 2226 existente
910 2204 999 2226 cum
1028 2203 1083 2236 eO,
1115 2189 1258 2227 creavit
1289 2204 1477 2238 magnam
1507 2189 1663 2239 copiam
1694 2189 1963 2227 cardinalium

256 2248 300 2285 de
335 2248 533 2295 omnibus,
572 2256 612 2285 ut
647 2247 811 2295 dicebat,
849 2247 1077 2285 climatibus
1114 2248 1274 2294 mundi;
1313 2249 1412 2286 inter
1448 2263 1542 2298 quos
1578 2249 1721 2286 creavit
1756 2249 1963 2286 dominum

258 2306 530 2354 Patentinum,
556 2321 626 2356 pro
651 2321 724 2356 quo
748 2307 1092 2357 supplicabamus.
1122 2308 1168 2345 In
1192 2316 1402 2346 conventu
1426 2308 1570 2345 habito
1604 2308 1715 2358 apud
1752 2308 1961 2346 Medinam

256 2374 543 2415 campestrem,
566 2366 614 2404 de
637 2380 718 2416 quo
738 2381 862 2416 supra
882 2381 922 2417 p.
946 2366 1047 2405 1283
1068 2367 1232 2405 abunde
1254 2367 1413 2405 dictum
1434 2375 1509 2414 est,
1530 2367 1714 2417 legatum
1735 2382 1774 2405 sc
1802 2367 1961 2406 ferebat

259 2425 428 2472 Urbani,
444 2434 491 2462 ut
506 2433 624 2475 patet
639 2440 689 2463 ex
705 2425 830 2464 Actis,
848 2426 950 2465 Cum
965 2441 1061 2464 vero
1078 2426 1119 2463 in
1135 2441 1181 2464 eo
1198 2426 1365 2476 optimis
1381 2426 1611 2464 rationibus
1629 2434 1840 2465 ostensum
1856 2435 1962 2466 esset

259 2484 415 2522 Urbani
434 2484 678 2522 electionem
701 2484 802 2522 vitio
824 2485 980 2524 factam
1001 2500 1101 2533 esse,
1123 2485 1309 2536 adeoque
1332 2485 1542 2525 meliorem
1567 2500 1652 2524 esse
1681 2485 1960 2524 conditionem

258 2543 489 2589 Clementis,
520 2552 559 2581 et
591 2544 769 2581 Joannes
800 2544 1005 2582 Castellae
1034 2560 1107 2582 rex
1134 2559 1242 2582 anno
1273 2544 1616 2593 MCCCLXXXI,
1646 2560 1719 2583 XIV
1749 2545 1827 2584 kal.
1850 2539 1963 2595 junii

268 2602 331 2650 [w
362 2602 475 2651 mai]v
505 2602 545 2639 id
575 2603 821 2641 declarasset
850 2603 1015 2653 publico
1043 2604 1194 2651 edicto,
1223 2604 1367 2644 eodem
1396 2604 1459 2642 die
1484 2604 1677 2643 Gute'rius
1704 2604 1963 2642 renuntiavit

259 2661 528 2698 cawsslinalatui
551 2661 627 2699 sibi
647 2662 832 2711 impenso
853 2663 904 2699 ab
928 2663 1110 2710 Urbano,
1132 2672 1172 2701 et
1193 2678 1292 2701 mox
1309 2663 1345 2701 ei
1364 2664 1565 2702 redonata
1582 2662 1598 2686 4
1616 2672 1678 2711 est
1704 2677 1749 2702 ea
1782 2664 1961 2713 dignitas

306 2820 337 2851 1.
368 2820 407 2852 B.
445 2820 502 2859 N.‚
537 2832 602 2853 ms.
638 2821 733 2853 latin
765 2822 870 2856 1462.

309 2876 337 2904 2.
372 2872 412 2904 N.
439 2873 562 2905 valois
589 2875 656 2917 (op.
681 2875 752 2914 cit.,
776 2881 801 2908 t.
823 2888 859 2915 11,
884 2888 916 2919 p.
943 2876 1023 2919 204)
1049 2877 1286 2920 l’apparente
1308 2877 1329 2909 a
1348 2878 1384 2909 la
1405 2877 1546 2910 famille
1569 2877 1612 2909 de
1634 2877 1754 2917 Luna,
1777 2877 1961 2921 quoiqu'il

257 2925 287 2956 lv
320 2926 495 2966 pretends:
526 2927 709 2960 castillan.

307 2981 337 3010 32³.
373 2979 407 3010 13.
440 2979 495 3017 N.‚
524 2991 589 3011 ms.
618 2980 712 3012 latin
739 2981 868 3021 11745,
896 2982 958 3015 sol.
986 2983 1054 3015 107
1083 2988 1133 3015 v0.

310 3031 337 3061 ἰ.
376 3031 487 3063 liulfi—1
514 3033 757 3072 (Hier-archia,
781 3041 805 3066 t.
827 3047 850 3073 1,
874 3047 907 3077 p.
933 3036 988 3078 27)
1014 3036 1144 3069 admct
1165 3048 1236 3079 quc
1259 3036 1431 3069 Gutierre
1454 3036 1594 3069 Gomez
1615 3043 1721 3078 recut
1741 3037 1776 3069 la
1797 3048 1959 3080 pourpre

260 3083 287 3113 Ιι-
313 3084 350 3113 111
371 3096 466 3115 mars
491 3085 590 3121 1381,
611 3087 736 3118 tandis
755 3099 825 3130 que
847 3087 889 3120 N.
909 3088 1036 3121 V-alois
1059 3089 1128 3132 (op.
1147 3090 1219 3129 cit„
1240 3095 1265 3123 t.
1284 3102 1322 3130 11,
1342 3102 1377 3134 p.
1399 3086 1538 3133 204rse
1557 3095 1736 3122 contente
1755 3090 1961 3123 d'affirmer

258 3136 346 3177 qu'il
380 3137 413 3167 la
447 3138 635 3179 possedait
667 3140 860 3172 suh—ament
890 3141 921 3173 le
955 3142 998 3174 28
1029 3142 1163 3185 juillet.
