2083 3458
247 218 329 260 636
896 231 1047 256 NOTAE
1082 231 1142 256 AD
1177 231 1304 257 VITAs
1798 212 1949 268 [1113]

246 325 412 354 tantum
437 316 599 363 scimus,
626 323 760 353 ortum
787 329 880 353 eum
905 314 1027 353 fuisse
1050 314 1093 352 in
1117 313 1290 352 dioecesi
1315 313 1626 363 Engolismensi.
1653 312 1798 352 Studio
1821 312 1922 362 juris
1940 310 1955 334 1

248 376 361 415 dedit
381 389 547 426 operam
565 375 606 412 in
626 374 837 412 academia
857 374 1074 421 Tolosana,
1095 382 1136 412 et
1155 387 1263 411 anno
1283 373 1538 411 MCCCLXV
1557 373 1692 411 factus
1713 372 1792 410 fuit
1812 372 1956 410 doctor

247 449 269 472 a
294 435 509 473 Guillelmo
533 434 581 472 de
604 433 801 483 Agrifolio
822 433 996 483 juniore,
1020 441 1164 484 postea
1188 432 1407 480 cardinale,
1430 441 1478 470 ut
1499 432 1647 482 legitur
1670 445 1792 482 supra
1816 446 1855 482 p.
1880 430 1956 468 408

247 495 290 532 in
315 495 464 544 Quarta
490 493 569 531 vita
600 493 754 531 Urbani
781 492 921 543 quinti.
940 493 1113 539 Postea,
1140 500 1188 530 ut
1213 491 1403 540 arbitror,
1431 492 1563 530 evasit
1590 491 1809 529 canonicus
1834 490 1956 540 Bajo-

249 554 376 592 censis
397 561 438 591 et
458 553 622 591 auditor
642 552 744 591 sacri
763 552 922 603 palatii.
944 551 1138 601 Aegidius
1157 552 1384 590 Bellamera
1404 551 1446 588 in
1467 565 1554 601 cap.
1577 550 1772 598 Consulti,
1790 550 1849 587 De
1869 563 1956 600 pro-

249 621 385 660 curat„
406 612 547 650 scribit
566 612 679 650 illum
702 611 825 650 fuisse
846 611 1118 651 domesticum
1141 619 1183 649 et
1202 611 1446 649 familiarem
1468 610 1577 649 Petri
1608 609 1769 660 Rogerii
1796 608 1958 647 diaconi

250 672 466 710 cardinalis
488 671 663 710 Sanctae
684 671 837 709 Mariae
857 684 989 709 novae
1011 678 1052 708 et
1071 670 1217 721 palatii
1238 670 1452 720 apostolici
1474 684 1690 708 causarum
1711 668 1956 706 auditorem.

302 732 421 770 Anno
454 731 855 779 MCCCLXVI„kal.
893 729 955 780 [1]
989 730 1167 779 augusti,
1200 729 1346 768 missus
1380 737 1441 768 est
1473 728 1876 783 Constantinopolim
1906 727 1958 765 ab

250 791 392 830 eodem
432 790 601 830 Urbano
638 804 712 841 pro
749 790 900 828 unione
941 789 1145 828 Ecclesiae
1184 789 1392 828 orientalis
1431 803 1522 827 cum
1563 787 1825 835 occidentali3
1864 786 1958 825 vide

248 850 462 898 Bzovium,
497 864 562 889 an.
600 848 713 897 1366,
755 849 772 898 ξ
807 849 867 888 10,

303 909 451 948 Postea
491 909 673 947 obtinuit
711 908 1091 947 archidiaconatum
1132 908 1440 955 Carnotensem,
1480 907 1541 945 uti
1580 907 1780 958 scriptum
1818 913 1880 944 est
1916 905 1959 943 in

250 969 329 1007 ista
351 969 531 1019 Gregorii
554 969 614 1006 XI
636 968 731 1006 Vita
764 968 808 1018 [t.
829 983 855 1016 1,
877 983 915 1018 p.
933 968 1042 1017 4181.
1063 968 1195 1015 Quare
1215 967 1421 1005 immerito
1444 967 1683 1005 Franciscus
1703 964 1958 1004 Duchesnius

250 1029 512 1079 reprehendit
554 1028 800 1076 Frizonium,
843 1035 1045 1077 tanquam
1085 1027 1117 1065 is
1160 1028 1267 1065 solus
1309 1027 1465 1076 absque
1506 1026 1679 1076 alicujus
1720 1024 1959 1064 vetustioris

251 1088 499 1126 auctoritate
519 1088 745 1138 scripsisset
762 1088 871 1125 hunc
890 1087 1139 1125 cardinalem
1157 1086 1280 1124 fuisse
1299 1086 1633 1124 archidiaconum
1651 1086 1957 1124 Carnotensem.

305 1147 400 1185 Fuit
427 1148 549 1186 etiam
579 1147 744 1185 auditor
770 1146 872 1185 sacri
899 1146 1044 1197 palatii
1070 1154 1111 1184 et
1137 1145 1434 1184 referendarius
1461 1159 1593 1196 papae
1621 1144 1805 1194 Gregorii
1834 1143 1909 1191 XI,
1937 1157 1959 1180 a

253 1221 333 1257 quo
357 1207 490 1245 factus
516 1215 577 1245 est
601 1207 797 1245 diaconus
822 1206 1038 1244 cardinalis
1063 1205 1175 1243 tituli
1200 1205 1339 1243 Sancti
1364 1205 1507 1255 Angeli
1530 1218 1638 1242 anno
1662 1202 1960 1250 MCCCLXXI,

253 1267 315 1305 die
344 1275 462 1305 sexta
490 1266 596 1316 junii
613 1266 640 1305 2.

306 1325 460 1364 Eodem
478 1340 600 1373 anno,
617 1325 678 1363 uti
694 1339 817 1376 supra
832 1340 871 1376 p.
892 1324 993 1362 1104
1008 1324 1167 1362 dictum
1183 1332 1257 1371 est,
1274 1324 1381 1362 idem
1401 1323 1616 1374 Gregorius
1633 1323 1727 1361 huic
1745 1322 1961 1361 Guillelmo

253 1394 293 1423 et
326 1386 447 1424 Petro
479 1385 675 1424 cardinali
708 1384 847 1423 Sancti
880 1384 1093 1422 Eustachii
1125 1383 1331 1423 commisit
1362 1397 1526 1421 causam
1561 1382 1786 1433 Hispaniae
1817 1382 1960 1419 Tarra-

254 1445 437 1483 conensis
478 1445 674 1483 adversus
714 1444 914 1494 quosdam
954 1444 1060 1482 male
1106 1443 1328 1482 sentientes
1368 1443 1417 1481 de
1463 1450 1722 1481 sacramento
1760 1440 1960 1480 eucharis-

253 1513 347 1543 tlae.

306 1564 426 1602 Anno
457 1563 802 1611 MCCCLXXIII,
833 1563 943 1602 idem
974 1562 1189 1612 Gregorius
1220 1562 1334 1600 illum
1367 1561 1585 1600 constituit
1614 1560 1814 1599 vicarium
1846 1573 1961 1610 gene-

253 1624 380 1663 ralem
405 1624 449 1661 in
475 1624 723 1673 quibusdam
750 1622 990 1661 civitatibus
1017 1630 1058 1660 et
1092 1621 1190 1659 locis
1227 1635 1421 1659 romanae
1450 1620 1672 1668 Ecclesiae3
1699 1619 1961 1669 Boninsegni,

253 1698 293 1733 p.
319 1682 414 1730 5583
441 1683 720 1734 Ghirardacci,
750 1682 819 1720 lib.
848 1682 969 1719 XXV
993 1681 1099 1719 Hist.
1126 1681 1296 1728 Bonon.,
1320 1696 1359 1731 p.
1386 1680 1475 1728 331,
1501 1680 1590 1727 339,
1615 1680 1690 1718 341
1716 1694 1796 1729 sq.;
1821 1679 1962 1726 Bzov.,

254 1757 319 1781 an.
349 1742 462 1790 1374,
495 1743 511 1791 ἓ
537 1742 573 1790 5,
600 1742 642 1789 6,
670 1741 831 1781 Odoric.
869 1740 1090 1790 Raynaldi,
1116 1754 1192 1794 an.
1230 1740 1343 1788 1373,
1377 1740 1393 1789 ἓ
1420 1739 1481 1787 12,
1508 1748 1549 1778 et
1575 1739 1719 1789 Ughel,
1752 1747 1781 1777 t.
1811 1753 1839 1776 11
1872 1738 1960 1776 Ital.

253 1816 347 1850 sac„
373 1816 412 1852 p.
442 1802 529 1840 727.

307 1861 427 1899 Anno
455 1861 791 1909 MCCCLXXIV,
820 1859 1035 1909 Gregorius
1065 1859 1127 1896 XI
1155 1873 1248 1897 eum
1275 1859 1414 1910 posuit
1439 1859 1547 1897 inter
1573 1865 1810 1896 executores
1836 1864 1961 1895 testa-

255 1921 385 1959 menti
406 1921 480 1959 sui.
504 1921 605 1959 Vide
627 1929 658 1959 t.
682 1935 722 1958 v1
746 1919 956 1970 Spicilegii
980 1918 1239 1966 Dacheriani,
1262 1933 1300 1969 p.
1325 1918 1413 1956 688.

308 1980 428 2018 Anno
455 1980 753 2019 MCCCLXXV
780 1979 990 2028 conjectus
1017 1986 1079 2016 est
1103 1978 1146 2015 in
1172 1992 1372 2016 carcerem
1401 1991 1423 2015 a
1448 1976 1795 2023 Bononiensibus3
1822 1975 1964 2013 Prima

256 2039 335 2077 vita
366 2040 542 2089 Gregorii
567 2039 648 2086 XI,
673 2054 712 2089 p.
740 2038 828 2077 424.
855 2038 911 2076 At
946 2038 1222 2087 Hieronymus
1249 2037 1431 2085 Rubeus,
1456 2037 1525 2075 lib.
1549 2037 1606 2074 VI
1631 2036 1738 2074 Hist.
1769 2036 1962 2082 Ravenn„

256 2114 294 2148 p.
323 2098 412 2147 586,
440 2099 498 2137 ait
523 2107 688 2137 tantum
717 2098 816 2136 urbe
843 2097 978 2147 egredi
1005 2104 1194 2135 coactum
1209 2095 1237 2136 3.

309 2158 428 2196 Anno
458 2158 792 2206 MCCCLXXVI,
814 2172 864 2196 ex
893 2156 1176 2195 commissione
1205 2155 1445 2206 apostolica,
1471 2155 1642 2205 gradum
1671 2153 1895 2204 magisterii
1921 2152 1964 2190 in

256 2218 461 2267 theologia
495 2218 670 2256 contulit
703 2217 820 2255 fratri
854 2216 1063 2254 Ludovico
1098 2215 1302 2254 Francisci
1335 2214 1536 2262 Assisiati,
1571 2214 1640 2264 qui
1672 2213 1812 2252 multis
1846 2212 1962 2251 annis

258 2277 411 2315 Perusii
434 2285 475 2315 et
497 2277 638 2315 Assisii
659 2276 776 2326 legit3
800 2275 1037 2325 Wadding.,
1061 2289 1127 2313 an.
1153 2274 1267 2322 1376,
1298 2274 1314 2323 ἓ
1336 2274 1360 2312 8
1394 2274 1439 2323 [t.
1464 2288 1548 2321 v111,
1571 2288 1610 2324 p.
1635 2273 1750 2323 3321.

310 2336 417 2374 Puto
434 2350 524 2375 eum
543 2344 687 2387 postea
706 2335 922 2374 decessisse
940 2335 988 2373 de
1010 2334 1129 2372 Italia
1147 2342 1188 2372 et
1205 2333 1461 2372 Avenionem
1477 2333 1642 2371 rediisse
1660 2332 1764 2370 circa
1782 2345 1963 2382 mensem

257 2395 426 2445 aprilem
445 2396 629 2445 ejusdem
647 2395 757 2433 anni.
780 2394 942 2432 Etenim
962 2394 1005 2431 in
1021 2393 1124 2431 libro
1143 2392 1444 2442 Obligationum
1461 2392 1711 2430 adnotatum
1729 2399 1791 2430 est
1811 2390 1963 2429 Rober—

257 2462 347 2494 tum
379 2455 427 2493 de
460 2455 663 2493 Gebennis
693 2454 958 2500 cardinalem,
992 2453 1061 2503 qui
1092 2452 1127 2491 ei
1153 2452 1348 2491 successit
1379 2452 1422 2489 in
1445 2451 1648 2501 legatione
1676 2449 1962 2497 Lombardiae‚

258 2513 484 2552 discessisse
516 2514 726 2552 Avenione
757 2513 820 2551 die
852 2527 970 2550 xxvn
1001 2512 1099 2549 maii
1130 2520 1177 2549 ut
1205 2512 1248 2549 in
1279 2511 1572 2549 Lombardiam
1590 2510 1918 2561 proficisceretur
1932 2507 1960 2547 4.

219 2659 221 2662 Α
305 2634 337 2665 1.
371 2632 591 2666 Guillelmus
625 2632 797 2672 Noelleti,
831 2632 965 2665 doctor
994 2631 1191 2674 utriusque
1222 2630 1314 2674 juris
1350 2629 1582 2674 (Bellamera,
1615 2629 1752 2663 Consil.
1787 2630 1818 2668 2,
1851 2640 1886 2662 n.
1913 2627 1962 2672 4).

270 2685 455 2729 [Baluze].

309 2740 339 2772 2.
371 2739 474 2772 Liscz
501 2739 532 2771 le
561 2740 606 2772 30
635 2739 721 2772 mai.

307 2793 339 2824 3.
370 2792 419 2824 Le
448 2792 615 2825 cardinal
646 2792 795 2825 Noellet
823 2792 997 2832 n⁷exerca
1024 2802 1091 2834 pas
1121 2790 1341 2822 d'heureuse
1370 2789 1482 2831 facon
1509 2789 1540 2822 le
1570 2789 1730 2832 pouvoir
1752 2789 1772 2820 a
1799 2787 1964 2831 Bologne

261 2845 347 2877 d'ou
381 2845 405 2877 il
430 2845 489 2878 fut
525 2846 655 2879 chasse
682 2846 703 2877 a
736 2845 771 2877 la
795 2845 892 2878 suite
928 2845 1040 2877 d’une
1077 2843 1221 2877 revolte
1245 2854 1433 2876 survenue
1473 2843 1565 2875 dans
1590 2842 1626 2875 la
1651 2842 1735 2874 nuit
1760 2842 1809 2874 du
1834 2841 1879 2874 19
1917 2852 1965 2873 au

263 2898 306 2929 20
334 2909 431 2930 mars
459 2899 552 2931 1376
583 2898 639 2941 (Ο.
668 2898 839 2938 Vaneini,
869 2898 924 2930 La
949 2898 1079 2930 rivolta
1105 2897 1161 2929 dei
1187 2896 1383 2939 Bolognesi
1410 2896 1447 2928 al
1473 2907 1624 2938 governo
1651 2896 1708 2928 dei
1735 2895 1848 2928 vicari
1876 2894 1968 2927 della

263 2950 394 2982 Chios-a
416 2950 662 2994 (1376-1377),
685 2951 861 2994 Bologne,
884 2951 989 2990 1906,
1012 2962 1046 2993 p.
1070 2951 1101 2990 7,
1125 2951 1156 2989 8,
1179 2950 1236 2989 10,
1259 2950 1315 2989 14,
1338 2949 1460 2989 16-18,
1479 2949 1550 2992 22).
1572 2968 1621 2972 —
1639 2948 1800 2981 Theiner
1823 2947 1965 2991 (Codex,

264 3009 288 3034 t.
308 3015 344 3042 11,
364 3004 443 3036 doc.
462 3004 540 3044 563,
560 3005 639 3044 566,
662 3005 742 3044 569,
760 3004 840 3044 575,
859 3005 939 3044 583,
957 3003 1038 3046 589)
1059 3015 1080 3035 a
1099 3002 1226 3046 publie
1245 3003 1321 3035 bon
1338 3002 1495 3035 nombre
1512 3002 1555 3035 de
1576 3002 1798 3034 documents
1813 3000 1968 3034 interes-

265 3061 350 3087 sant
370 3055 401 3087 lc
427 3063 722 3099 gouvernement
746 3058 795 3089 du
819 3056 999 3090 cardinal.

314 3108 345 3140 4.
368 3108 438 3139 Sur
458 3109 491 3140 la
514 3109 678 3149 legation
700 3111 743 3141 dc
768 3110 912 3143 Robert
934 3110 977 3142 de
1002 3109 1163 3150 Geneve‚
1189 3108 1270 3142 voir
1290 3108 1450 3141 Vancini
1475 3107 1544 3151 (op.
1567 3108 1638 3147 cit„
1662 3120 1696 3151 p.
1719 3106 1857 3150 31-70).
