2083 3458
273 229 352 271 152
924 237 1075 262 NOTAE
1110 237 1171 261 AD
1206 236 1334 261 virAs
1780 225 1782 227 ’
1861 222 1989 279 [666]

271 329 379 368 bona
408 327 574 377 quidem
600 323 926 374 Templariorum
954 335 1058 372 quae
1086 328 1203 359 erant
1228 320 1271 358 in
1296 335 1421 370 regno
1447 320 1706 372 Arragonum
1732 323 1988 374 pertinerent
2048 345 2050 347 >

269 389 312 426 in
333 395 580 438 perpetuum
602 384 653 422 ad
678 382 992 432 Hospitalarios,
1015 395 1061 419 ea
1083 394 1180 418 vero
1203 393 1308 429 quae
1331 379 1613 419 consistebant
1634 382 1676 420 in
1697 397 1821 433 regno
1839 383 1988 421 Valen-

271 448 366 490 tiae,
405 446 685 483 tribuerentur
722 440 970 479 monasterio
1009 440 1057 477 de
1095 439 1311 486 Montesia,
1351 440 1461 490 quod
1497 440 1606 479 idem
1642 456 1715 480 rex
1752 450 1987 481 construere

272 505 565 545 meditabatur.
602 502 762 539 Extant
794 501 940 537 harum
972 513 1108 537 rerum
1140 506 1266 536 testes
1298 498 1442 537 literae
1475 499 1647 539 Joannis
1682 501 1826 549 XXII,
1864 501 1988 540 datae

271 564 474 603 Avenioni
512 563 564 600 IV
598 561 688 599 idus
721 559 827 609 junii
860 573 968 597 anno
1010 558 1142 609 primo
1179 557 1244 608 [10
1274 557 1366 607 juin
1393 558 1534 609 1317].
1566 559 1669 598 Vide
1704 560 1990 611 Spondanum,

270 639 335 663 an.
373 623 487 670 1317,
515 622 531 670 ἓ
552 621 588 668 3,
610 628 651 658 et
671 618 893 658 Odoricum
916 617 1195 667 Raynaldum,
1216 631 1325 655 anno
1345 617 1503 666 eodem,
1531 618 1547 667 ἓ
1567 619 1618 657 4Ο
1637 621 1661 658 1.

325 684 367 721 Ρ.
399 682 460 730 71,
488 682 554 730 lig.
587 680 619 718 1.
653 680 809 718 Sssssm.
840 677 936 715 Voir
962 677 998 715 le
1027 676 1271 714 ceremonial
1300 676 1348 714 de
1377 677 1554 727 Jacques
1587 678 1856 727 Stefaneschi‚
1887 679 1988 718 dans

270 742 430 788 Archiv,
452 749 481 779 t.
505 755 544 787 v,
565 754 604 789 p.
628 737 812 776 574-576.

325 801 367 839 P.
397 800 457 848 71,
483 800 548 849 lig.
577 798 637 835 29.
669 797 862 834 KAROLO.
891 796 1069 845 Jacques
1096 794 1352 841 Stefaneschi
1377 795 1534 834 fournit
1558 796 1613 835 les
1639 797 1990 848 renseignements

270 861 456 898 suivants
478 873 545 896 sur
563 858 601 895 la
623 856 836 894 deuxieme
857 855 1011 893 session
1032 870 1039 892 :
1064 854 1253 903 Interfuit
1271 869 1337 892 rest:
1356 854 1528 893 Francie
1549 855 1592 893 in
1611 857 1784 894 secunda
1802 856 1988 895 sessione.

271 919 372 957 Cum
394 918 583 956 debebant
603 916 681 953 dici
703 915 843 953 litanie
872 914 929 952 vel
949 928 1038 951 cum
1068 913 1270 952 dicebatur
1289 914 1551 963 evangelium,
1573 915 1673 953 sedit
1704 915 1746 953 in
1765 915 1990 965 faldistorio

270 993 357 1016 curn
669 975 755 1012 sine
779 973 958 1021 scabello,
985 974 1038 1011 ad
1062 973 1257 1012 dexteram
1282 987 1399 1024 pape,
1426 973 1723 1024 aliquantulum
1750 975 1793 1012 in
1819 975 1991 1013 thalamo

269 1036 517 1087 depressiori,
539 1034 686 1073 scilicet
706 1042 793 1084 post
814 1033 999 1071 diaconos
1021 1032 1255 1077 cardinale&
1279 1033 1346 1070 Ad
1365 1033 1482 1083 pedes
1503 1034 1607 1083 regis
1627 1034 1783 1072 sedebat
1804 1034 1990 1072 dominiis

269 1096 449 1143 Carolus,
481 1094 584 1144 regis
612 1094 745 1143 frater,
776 1101 810 1130 et
847 1107 971 1130 comes
1002 1091 1139 1130 Sancti
1169 1092 1293 1129 Pauli
1332 1100 1366 1130 et
1394 1092 1468 1130 alii
1510 1095 1684 1132 barones.
1717 1094 1846 1132 Erant
1883 1094 1990 1132 enim

270 1170 402 1193 versus
435 1162 586 1205 partem
619 1153 722 1202 regis
755 1160 901 1190 stantes
931 1151 1118 1201 Delftnus
1151 1159 1186 1189 et
1219 1151 1330 1200 filius
1363 1152 1559 1190 Adomari
1602 1154 1646 1193 de
1678 1152 1870 1202 Pictavis,
1904 1161 1991 1204 post

269 1223 399 1253 tamen
418 1214 615 1252 diaconos.
638 1215 673 1251 Α
686 1211 865 1249 sinistris
883 1225 987 1261 pape
1006 1218 1087 1248 erat
1105 1225 1171 1248 rex
1190 1210 1370 1248 Navarra
1388 1219 1512 1260 stans,
1543 1212 1731 1263 princeps
1751 1212 1862 1262 filius
1887 1213 1993 1262 regis

270 1274 408 1312 Sicilie
427 1281 461 1311 et
478 1272 551 1310 alii
568 1272 709 1322 fratres
728 1271 832 1320 regis
850 1271 1030 1308 Navarre
1048 1278 1082 1308 et
1100 1270 1180 1308 dux
1197 1270 1435 1319 Burgundii&
1452 1279 1487 1309 et
1505 1270 1616 1321 filius
1635 1272 1789 1310 comitis
1805 1271 1993 1311 Britanie

269 1341 302 1371 et
324 1333 397 1370 alii
422 1332 571 1370 nobiles
592 1339 739 1369 stantes
764 1330 1052 1381 (Bibliotheqae
1076 1329 1320 1379 d’Avignon,
1345 1344 1419 1369 ms.
1444 1331 1570 1378 1706,
1585 1332 1611 1370 f.
1633 1331 1657 1368 4
1679 1336 1743 1379 v03
1768 1331 1858 1369 voir
1880 1331 1989 1370 aussi

271 1392 432 1439 Archiv,
452 1400 482 1430 t.
504 1406 543 1438 v,
562 1405 600 1441 p.
622 1390 825 1439 576-578).

324 1452 366 1490 Ρ.
388 1451 448 1498 72,
467 1451 533 1501 lig.
553 1450 588 1489 3.
610 1450 791 1488 ULTIMA.
811 1449 972 1496 Archiv,
991 1456 1021 1487 t.
1041 1463 1080 1496 v,
1098 1463 1138 1499 p.
1158 1448 1344 1487 578-581.

324 1511 367 1549 P.
386 1510 447 1558 72,
463 1510 529 1560 lig.
548 1510 582 1548 7.
602 1509 833 1547 NUMERUS.
851 1508 1003 1546 Villani
1021 1507 1161 1545 Istorie
1176 1507 1421 1556 Fiorentine,
1445 1508 1470 1547 1.
1492 1508 1566 1556 ΙΧ,
1593 1523 1624 1547 c.
1644 1524 1732 1547 xxn
1757 1508 1990 1561 [Muratori‚

271 1578 300 1608 t.
328 1585 413 1617 xm,
440 1570 513 1607 col.
539 1569 631 1620 454]
656 1568 831 1619 pretend
855 1568 955 1618 qu’il
978 1581 1005 1617 y
1030 1583 1080 1606 en
1103 1576 1175 1606 eut
1197 1567 1288 1617 plus
1314 1567 1362 1605 de
1387 1567 1464 1605 300
1488 1576 1529 1606 et
1552 1568 1587 1606 le
1623 1569 1917 1607 continuateur
1941 1568 1991 1606 de

272 1629 425 1679 Nangis
448 1629 525 1680 [ed.
549 1628 726 1675 Geraud,
756 1635 786 1666 t.
816 1642 843 1675 1,
872 1642 911 1677 p.
941 1627 1034 1678 388]
1057 1626 1144 1665 114.
1177 1627 1228 1665 Ce
1261 1626 1421 1665 dernier
1453 1627 1593 1666 chiffre
1625 1627 1712 1665 doit
1741 1630 1826 1666 etre
1851 1628 1993 1678 plutot

271 1690 451 1738 accepte,
476 1702 543 1726 car
564 1702 666 1726 nous
689 1687 913 1737 possedons
934 1687 973 1724 la
995 1686 1087 1724 liste
1111 1686 1180 1724 des
1202 1686 1356 1736 prelats
1380 1689 1613 1736 convoques
1638 1687 1740 1725 dont
1761 1688 1796 1726 16
1819 1687 1992 1726 nombre

271 1747 456 1785 s’elevait
482 1749 503 1784 a
530 1747 605 1785 168
632 1747 790 1797 (Finke,
817 1746 1043 1796 Papsttum,
1069 1753 1099 1784 t.
1125 1760 1167 1793 11,
1193 1760 1232 1795 p.
1259 1745 1435 1784 303-306
1459 1754 1500 1784 et
1525 1746 1701 1784 Cle'ment
1730 1746 1776 1794 V,
1803 1761 1841 1785 n.
1869 1746 1989 1785 3628-

272 1806 388 1854 3633,
411 1807 540 1845 bulles
562 1806 610 1844 de
633 1805 907 1844 convocation
929 1805 984 1843 du
1006 1804 1054 1842 12
1077 1807 1178 1843 aout
1200 1804 1332 1854 1308).

325 1866 367 1904 Ρ.
401 1866 462 1913 74,
490 1865 557 1916 lig.
588 1865 649 1904 22.
681 1866 962 1903 GUILLELMUS
993 1879 1048 1901 DE
1079 1864 1373 1912 MANDAGOTO,
1405 1872 1518 1904 ortus
1548 1879 1567 1903 e
1607 1864 1738 1903 veteri
1766 1864 1990 1915 Mandaga-

271 1933 410 1963 torum
437 1924 669 1972 nobilitate,
698 1924 808 1974 apud
838 1924 1113 1971 LodovenseS‚
1142 1931 1190 1961 ut
1217 1923 1338 1962 docet
1366 1924 1547 1962 Joannes
1576 1924 1856 1962 Plantavitius
1885 1924 1989 1962 Pau-

272 1998 361 2022 seus
382 1984 424 2021 in
445 1984 710 2033 Chronologia
729 1984 1005 2033 episcoporum
1024 1982 1327 2030 Lodovensium,
1348 1997 1387 2033 p.
1412 1982 1500 2031 188,
1522 1983 1595 2021 271
1618 1984 1643 2022 2.
1665 1983 1759 2021 Vidi
1777 1991 1990 2034 praeterea

271 2043 314 2080 in
338 2043 468 2081 veteri
491 2051 650 2093 regesto
676 2043 855 2094 Philippi
880 2042 1057 2092 Augusti
1079 2042 1219 2080 literas
1246 2042 1487 2092 Raymundi
1512 2042 1560 2081 de
1584 2042 1837 2093 Mandagoto
1862 2042 1990 2081 domi-

274 2102 373 2149 celli,
399 2103 441 2140 in
467 2102 615 2152 quibus
641 2102 797 2140 fatetur
822 2110 863 2140 et
888 2101 1143 2152 recognoscit
1167 2116 1208 2140 se
1233 2109 1372 2140 tenere
1396 2101 1439 2139 in
1464 2102 1632 2140 feodum
1657 2116 1680 2140 a
1706 2102 1874 2140 domino
1897 2116 1991 2152 rege

275 2162 479 2211 quaedam
514 2161 681 2211 praedia
717 2170 759 2200 et
793 2161 1068 2211 possessiones
1103 2161 1145 2198 in
1181 2161 1355 2199 dioecesi
1392 2161 1675 2200 Nemausensi.
1714 2161 1778 2199 Ex
1813 2175 1860 2200 ea
1896 2175 1990 2211 ergo

275 2220 491 2259 nobilitate
511 2229 624 2259 ortus
642 2228 703 2259 est
720 2221 797 2259 iste
816 2221 1069 2259 Guillelmus.

328 2279 675 2318 Archidiaconum
700 2280 1022 2318 Nemausensem
1054 2279 1177 2317 fuisse
1201 2287 1379 2327 constat,
1404 2287 1445 2317 et
1475 2279 1758 2329 praepositum
1785 2279 1992 2326 Ecclesiae

275 2338 500 2377 Tolosanae
521 2338 548 2377 3.
581 2339 687 2376 Eum
717 2339 863 2377 deinde
891 2338 1128 2377 Bonifacius
1158 2338 1263 2376 VIII
1294 2338 1451 2377 creavit
1479 2339 1834 2389 arehiepiscopum
1864 2338 1989 2377 Ebre-

277 2397 501 2435 dunensem
527 2397 630 2436 circa
656 2412 811 2436 annum
837 2397 1055 2436 MCCXCV
1071 2397 1099 2445 4,
1126 2405 1167 2436 et
1190 2397 1233 2435 in
1260 2397 1505 2447 Hispaniam
1527 2397 1756 2436 citeriorem
1776 2397 1888 2436 misit
1908 2411 1991 2435 una

278 2470 369 2493 eum
391 2456 606 2495 Guillelmo
628 2457 808 2495 Ferrerio
827 2457 1070 2507 presbytero
1092 2457 1297 2495 cardinale
1320 2457 1459 2496 Sancti
1474 2457 1694 2495 Clementis
1715 2465 1756 2495 et
1778 2457 1992 2507 Rostagno

278 2515 325 2553 de
354 2515 498 2565 Capra,
527 2516 832 2566 archiepiscopo
861 2516 1103 2563 Arelatensi,
1132 2515 1185 2553 ad
1214 2516 1549 2554 constituendam
1576 2530 1720 2566 pacem
1747 2516 1855 2554 inter
1880 2515 1991 2566 prin-

277 2573 383 2623 cipes
421 2575 582 2612 illarum
620 2575 814 2625 partium.
855 2575 957 2614 Vide
1006 2583 1119 2625 gesta
1159 2574 1358 2612 comitum
1394 2575 1761 2614 Barcinonensium
1801 2574 1912 2615 edita
1948 2575 1991 2613 in

275 2633 498 2682 appendice
527 2636 689 2672 Maroae
714 2634 976 2686 Hispanicae,
1004 2648 1042 2684 p.
1072 2634 1146 2672 577
1165 2634 1193 2675 5.

326 2748 357 2779 1.
388 2748 536 2787 lssaluze,
562 2755 587 2781 t.
611 2761 661 2788 111,
686 2760 720 2792 p.
748 2749 905 2782 256-266
928 2754 965 2782 et
988 2749 1131 2789 Mollat,
1159 2761 1194 2782 n.
1220 2750 1325 2790 4057,
1350 2750 1456 2790 4058,
1493 2749 1719 2789 4063-4066;
1744 2760 1779 2782 v.
1806 2747 1989 2781 Delaville

282 2800 326 2832 Le
353 2800 476 2833 liculx
503 2801 582 2842 (Les
604 2802 851 2845 Hospitaliers
874 2803 895 2834 ά
917 2802 1069 2839 Rhodes,
1094 2813 1129 2844 p.
1155 2803 1212 2843 43,
1235 2801 1308 2844 44).

329 2854 357 2885 2.
386 2854 413 2885 Il
439 2854 542 2894 (nait,
569 2855 741 2895 croit-on,
768 2855 964 2898 originaire
994 2856 1037 2887 de
1063 2855 1474 2898 Cros-de-Mandagost,
1501 2856 1593 2888 dans
1627 2855 1818 2888 l’Herault
1844 2854 1906 2898 (H.
1930 2854 1987 2894 L.,

284 2912 308 2937 1.
329 2917 465 2945 xxxw,
488 2919 521 2949 p.
543 2908 575 2951 1)
599 2920 645 2940 ou
665 2909 852 2951 peut-&tre
873 2908 916 2940 de
936 2908 1183 2952 Mandagout,
1205 2909 1297 2941 dans
1316 2909 1348 2941 16
1369 2908 1481 2942 Gard.

327 2959 358 2990 3.
391 2960 600 2991 (Luillaume
624 2961 666 2993 dc
690 2961 925 3003 Mandagout
938 2973 981 2994 ne
996 2961 1072 3005 prit
1084 2973 1150 3005 pas
1163 2962 1375 3005 possession
1389 2962 1481 2994 dela
1493 2962 1650 3005 prevete
1666 2961 1709 2994 de
1724 2961 1910 2994 Toulouse
1925 2959 1989 3004 qui

282 3011 327 3041 lui
345 3013 449 3043 avait.
464 3014 520 3044 (ἴ-[ιέ
536 3014 703 3046 conferee
719 3026 762 3045 en
779 3014 936 3053 1291310
948 3014 1129 3047 candidat
1139 3015 1189 3047 du
1199 3014 1367 3058 chapitre
1379 3014 1539 3056 l’evinca
1553 3014 1614 3058 (H.
1625 3014 1681 3054 L.,
1693 3019 1719 3047 t.
1732 3025 1871 3054 xxxxv,
1886 3025 1921 3057 p.
1937 3013 1986 3057 3).

329 3065 359 3096 [ι.
393 3065 438 3095 L(-
458 3066 607 3098 2021vril
629 3067 793 3109 (Digard,
812 3079 845 3100 n.
865 3068 936 3109 63).

329 3116 361 3147 5.
390 3118 435 3149 ΙΙ.
456 3118 509 3157 L.,
530 3124 554 3151 t.
575 3131 711 3159 xxxw,
731 3132 765 3163 p.
786 3121 817 3153 6.
