2083 3458
90 224 242 280 [1142]
608 242 824 267 PAPARUM
860 243 1241 269 AVENIONENSIUM
1686 229 1767 272 663

76 332 197 362 notat
226 332 369 362 auctor
399 324 584 362 Clironici
615 326 852 374 Briocensis,
885 327 935 364 ob
966 341 1069 375 eam,
1100 336 1147 365 ut
1176 327 1364 376 arbitror,
1396 343 1561 369 causam
1592 329 1685 379 quia
1716 329 1767 367 ad

76 383 373 421 cardinalatum
399 392 634 434 assumptus
658 393 745 423 erat
768 400 818 423 ex
841 385 1078 436 episcopatu
1101 386 1306 425 Briocensi
1333 387 1373 424 in
1398 387 1623 426 Britannia.
1651 388 1766 426 Unde

75 449 117 480 et
140 441 183 480 in
208 441 342 480 codice
368 440 447 480 815
470 442 740 482 bibliothecae
767 444 1021 483 Colbertinae
1034 444 1061 492 ¹,
1085 445 1152 483 fol.
1176 445 1248 483 281
1276 453 1332 493 v0,
1357 455 1526 485 vocatur
1553 446 1766 485 cardinalis

75 500 299 539 Briocensis
331 501 373 538 in
404 509 587 540 tractatu
619 516 740 552 quem
769 503 1019 541 Bertrandus
1052 504 1100 542 de
1132 504 1378 544 Acromonte
1409 513 1499 545 tum
1530 505 1690 556 scripsit
1720 514 1767 544 ut

76 560 310 598 ostenderet
328 560 569 598 electionem
586 560 741 599 Urbani
756 561 813 600 VI
829 576 909 599 non
924 563 1071 610 valere,
1088 562 1304 602 Clementis
1326 579 1421 602 vero
1436 565 1514 602 VII
1529 565 1766 603 electionem

76 633 160 658 esse
187 619 424 669 legitimam.

129 677 248 716 Anno
284 678 602 720 MCCCLXXVI
637 687 799 717 secutus
835 688 896 718 est
931 680 1168 730 Gregorium
1204 681 1265 719 XI
1299 681 1339 719 in
1378 682 1553 729 Italiam,
1588 691 1629 721 et
1663 682 1767 720 vidit

76 736 222 775 exoriri
239 736 413 776 schisma
432 737 538 787 quod
559 745 649 775 tum
668 738 890 776 Ecclesiam
908 739 1055 777 Christi
1074 739 1212 777 divisit
1229 740 1270 777 in
1288 740 1387 778 duas
1405 749 1554 791 partes.
1575 741 1768 779 Manebat

75 803 214 834 autem
253 796 407 834 Romae
444 811 569 846 prope
606 796 807 846 palatium
837 811 981 848 papae,
1013 806 1059 836 ut
1095 798 1179 848 ipse
1216 807 1393 837 testatur
1429 799 1470 837 in
1505 814 1577 838 sua
1611 800 1767 850 deposi-

76 863 199 893 tione.

132 914 241 952 Idem
267 921 446 952 testatur
470 913 517 951 de
543 929 623 952 non
648 914 803 953 dedisse
828 929 970 954 vocem
994 930 1110 954 suam
1135 916 1315 955 Urbano.
1342 917 1404 955 Sic
1427 917 1534 955 enim
1558 917 1704 966 legitur
1726 917 1766 955 in

76 973 217 1011 eadem
252 972 505 1023 depositione
523 972 538 994 ²
560 989 567 1010 ε
601 974 797 1011 Dominus
830 974 873 1011 de
899 975 1099 1012 Florentia
1124 975 1343 1013 nominavit
1373 976 1611 1014 cardinalem
1633 976 1767 1015 Sancti

76 1031 196 1080 Petri,
233 1040 267 1070 et
302 1032 486 1070 dominus
521 1032 807 1070 Lemovicensis
843 1033 1062 1071 nominavit
1098 1034 1209 1071 illum
1246 1035 1470 1082 Bmensem,
1507 1043 1540 1072 et
1575 1035 1647 1072 alii
1683 1044 1769 1085 post

75 1105 175 1130 eum.
206 1091 257 1129 Et
285 1092 439 1141 quando
469 1091 571 1129 venit
599 1106 670 1129 0051:
697 1093 749 1129 ad
777 1092 908 1139 istum,
939 1093 1065 1130 noluit
1092 1107 1179 1130 eum
1209 1094 1411 1131 nominare
1441 1094 1509 1131 iste
1537 1094 1765 1141 cardinalis,

74 1164 163 1199 ymo
183 1150 282 1188 dixit
301 1151 402 1200 quod
419 1165 497 1188 non
517 1151 795 1199 cognoscebant
812 1165 900 1188 eum
918 1151 1020 1189 sicut
1039 1152 1134 1201 ipse.
1158 1152 1210 1189 Et
1229 1152 1332 1190 infra
1355 1168 1362 1190 ε
1390 1153 1482 1190 Item
1501 1153 1600 1190 dixit
1620 1153 1661 1190 in
1681 1168 1767 1191 vera

76 1209 314 1247 conscientia
338 1224 412 1247 sua
437 1210 539 1259 quod
561 1217 650 1247 ante
686 1210 906 1258 ingressum
940 1211 1132 1248 conclavis
1169 1225 1236 1248 nec
1270 1219 1357 1260 post
1392 1226 1594 1261 nunquam
1631 1212 1769 1250 habuit

78 1267 121 1304 in
136 1277 259 1306 mente
280 1269 547 1306 consentiendi
563 1269 605 1306 in
619 1283 707 1306 eum
723 1283 789 1306 nec
809 1269 979 1317 eligendi
994 1283 1094 1317 eum,
1112 1284 1178 1307 nec
1193 1270 1309 1307 etiam
1324 1285 1411 1307 cum
1425 1279 1520 1308 esset
1535 1271 1577 1307 in
1593 1271 1768 1308 conclave

77 1327 297 1365 nominavit
325 1342 425 1375 eum,
457 1327 550 1377 quia
579 1328 829 1376 cognoscebat
856 1342 944 1365 eum
973 1329 1073 1377 quod
1100 1337 1194 1366 esset
1223 1329 1496 1366 melancolicus
1532 1337 1565 1366 et
1591 1330 1768 1378 furiosus

77 1386 200 1425 homo.
230 1386 390 1425 Scilicet
415 1386 530 1426 illum
557 1386 728 1425 fortasse
755 1395 927 1425 noverat
954 1386 1049 1425 olim
1078 1387 1244 1426 Romae.
1272 1388 1375 1425 Nam
1403 1402 1453 1425 ex
1478 1388 1619 1426 eadem
1647 1389 1767 1438 depo-

76 1445 222 1484 sitione
243 1445 373 1496 liquet
393 1446 502 1485 hunc
524 1445 771 1484 cardinalem
793 1445 862 1483 diu
878 1445 1084 1484 habitasse
1102 1446 1256 1485 Romae
1277 1455 1318 1485 et
1336 1461 1465 1485 mores
1490 1447 1767 1485 Romanorum

76 1504 132 1542 illi
155 1504 275 1543 fuisse
298 1513 430 1543 notos.

129 1564 228 1602 Cum
247 1579 343 1602 vero
360 1563 401 1601 in
417 1563 534 1602 initio
551 1564 755 1603 tumultus
775 1563 950 1602 Romani
968 1563 1135 1613 quidam
1153 1563 1350 1602 dixissent
1367 1564 1613 1602 cardinalem
1631 1564 1769 1603 Sancti

77 1622 188 1661 Petri
212 1623 387 1662 electum
412 1638 496 1662 esse
522 1636 687 1673 papam,
714 1631 870 1661 certum
895 1631 957 1661 est
983 1637 1127 1673 capam
1151 1623 1431 1673 pontificalem
1453 1624 1688 1673 impositam
1714 1623 1768 1661 illi

77 1681 199 1721 fuisse
224 1682 275 1720 ab
299 1682 378 1720 isto
404 1681 620 1729 cardinale,
645 1690 692 1719 ut
716 1681 894 1721 dicemus
918 1682 969 1720 ad
986 1681 1177 1732 paginam
1200 1683 1286 1720 447.
1312 1682 1383 1720 His
1408 1682 1465 1719 ita
1491 1682 1624 1732 gestis,
1649 1697 1736 1720 cum
1754 1681 1769 1704 3

78 1741 249 1779 Romani
283 1741 455 1779 venirent
487 1742 539 1779 ad
568 1741 794 1790 jaciendum
829 1741 888 1778 illi
921 1741 1184 1788 reverentiam,
1218 1750 1258 1779 et
1292 1756 1362 1791 per
1394 1755 1484 1779 eam
1518 1741 1768 1780 occasionem

78 1814 217 1839 eorum
244 1801 355 1839 furor
380 1800 550 1851 paulum
577 1799 891 1850 conquievisset,
921 1800 1040 1849 Hugo
1067 1800 1119 1837 ad
1146 1800 1263 1838 aedes
1291 1814 1382 1838 suas
1411 1800 1605 1849 confugit,
1633 1800 1703 1837 ubi
1729 1815 1768 1838 se

77 1867 217 1897 tutum
237 1860 321 1898 fore
341 1859 635 1907 arbitrabatur,
656 1859 725 1898 sed
747 1860 910 1897 frustra.
934 1859 1039 1897 Nam
1059 1873 1147 1896 cum
1164 1858 1181 1882 4
1199 1867 1293 1896 esset
1313 1859 1419 1896 intus
1441 1861 1502 1908 (ut
1522 1859 1692 1909 ipsemet
1712 1858 1769 1896 ait

76 1918 118 1956 in
141 1932 213 1957 sua
239 1918 522 1969 depositione),
548 1926 733 1956 venerunt
755 1918 926 1956 Romani
951 1918 993 1955 in
1018 1932 1163 1967 magna
1187 1918 1436 1956 multitudine
1458 1926 1710 1964 armatorum,
1734 1926 1770 1955 et

76 1977 297 2026 familiares
317 1978 383 2016 sui
405 1978 588 2016 disserunt
611 1977 676 2016 isti
698 1977 856 2015 domino
878 1977 1086 2024 cardinali,
1102 1985 1135 2014 et
1155 1977 1421 2015 submiserunt
1437 1991 1525 2014 eum
1546 1991 1614 2026 per
1635 1991 1772 2026 quam-

77 2037 168 2075 dam
195 2037 369 2075 strictam
395 2037 617 2086 fenestram,
647 2044 681 2075 et
707 2036 813 2085 sugit
840 2051 927 2074 cum
957 2051 1035 2074 uno
1064 2036 1198 2074 clerico
1226 2050 1344 2086 super
1372 2044 1465 2073 tecta
1494 2036 1706 2082 domorum,
1736 2044 1770 2073 et

76 2096 280 2134 abscondit
294 2110 334 2134 se
351 2111 470 2146 usque
486 2097 538 2133 ad
552 2096 740 2143 tenebras,
759 2104 792 2133 et
808 2096 852 2133 de
870 2104 974 2133 nocte
991 2095 1190 2133 transtulit
1205 2110 1244 2132 se
1262 2095 1304 2132 in
1321 2103 1442 2132 castro
1458 2094 1592 2132 Sancti
1609 2094 1767 2143 Angeli.

76 2155 127 2193 Et
157 2155 240 2205 ipse
269 2155 423 2193 nolebat
451 2155 580 2193 venire
607 2155 728 2193 altera
757 2155 818 2192 die
847 2154 928 2192 nisi
956 2162 1112 2204 propter
1129 2154 1227 2191 alios
1256 2154 1486 2200 cardinales,
1509 2162 1542 2191 et
1571 2153 1663 2202 quia
1692 2167 1769 2191 non

77 2222 225 2263 poterat
250 2214 364 2252 aliud
387 2214 525 2264 facere.
555 2215 659 2253 Tum
686 2228 782 2252 vero
811 2213 986 2251 Romani
1014 2213 1181 2251 domum
1208 2213 1294 2262 ejus
1323 2211 1559 2262 depraedati
1586 2220 1694 2258 sunt,
1723 2220 1769 2249 ut

77 2273 223 2323 legitur
265 2273 308 2311 in
338 2273 519 2312 Secunda
559 2273 638 2310 vita
673 2272 850 2321 Gregorii
878 2272 958 2317 XI,
989 2287 1027 2321 p.
1058 2272 1146 2318 448,
1177 2280 1217 2310 et
1245 2271 1285 2308 in
1314 2270 1572 2321 responsione
1615 2269 1769 2319 Aegidii

81 2331 219 2370 Sancti
237 2332 438 2370 Munionis
455 2331 677 2382 praepositi
693 2330 990 2369 Valentinensis
1008 2331 1059 2368 ad
1075 2330 1291 2368 articulum
1307 2330 1353 2367 61
1373 2344 1486 2367 casus
1504 2329 1622 2379 primi
1638 2329 1768 2375 electi,

79 2390 120 2429 in
147 2405 227 2441 quo
253 2392 351 2429 haec
377 2391 501 2430 verba
528 2391 732 2429 habentur
750 2390 764 2412 5
791 2406 798 2427 :
826 2390 892 2427 Ad
914 2390 1027 2427 aliud
1051 2390 1151 2439 quod
1175 2389 1317 2426 dicitur
1342 2389 1385 2426 de
1410 2388 1700 2425 remanentibus
1726 2387 1768 2424 in

80 2450 277 2500 hospitiis,
301 2450 395 2500 quia
414 2450 547 2487 subdit
567 2458 644 2487 tute
664 2457 698 2487 et
717 2449 893 2499 pacifice,
916 2448 1114 2498 respondit
1135 2448 1235 2497 quod
1254 2447 1468 2485 cardinalis
1490 2447 1533 2483 de
1554 2446 1768 2483 Britannia

79 2509 158 2558 suit
184 2510 414 2559 depredatus
440 2517 474 2546 et
499 2509 670 2558 perdidit
696 2508 882 2557 majorem
907 2515 1056 2557 partem
1086 2507 1271 2544 bonorum
1297 2520 1367 2555 que
1393 2505 1567 2551 babebat,
1595 2513 1628 2542 et
1653 2505 1769 2542 etiam

81 2568 195 2605 anuli
216 2568 377 2617 fuerunt
398 2567 556 2605 extracti
580 2567 761 2605 violenter
783 2567 827 2604 de
850 2565 1036 2604 manibus
1058 2566 1156 2610 suis,
1179 2573 1294 2614 prout
1316 2565 1440 2602 dictus
1462 2565 1655 2613 deponens
1671 2563 1771 2600 dixit

79 2641 120 2664 se
148 2627 348 2664 audivisse
376 2626 426 2664 ab
455 2627 584 2663 eodem
613 2626 769 2663 domino
799 2624 1006 2662 cardinali.
1044 2624 1156 2661 Unus
1185 2624 1301 2661 etiam
1328 2623 1544 2672 familiaris
1572 2637 1669 2659 suus
1693 2621 1771 2670 suit

84 2686 305 2735 interfectus
330 2693 419 2723 ante
444 2693 597 2734 portam
615 2684 778 2734 hospitii
803 2683 868 2721 sui
894 2697 962 2733 per
981 2683 1192 2720 Romanos.
1213 2682 1366 2719 Eadem
1384 2680 1550 2719 historia
1577 2680 1631 2718 sic
1657 2695 1769 2718 enar-

82 2753 196 2782 ratur
228 2744 269 2782 in
314 2743 575 2794 responsione
610 2743 768 2781 Alfonsi
801 2742 928 2780 Azero
961 2741 1233 2779 archidiaconi
1258 2741 1305 2778 de
1334 2739 1483 2777 Metina
1518 2740 1558 2777 in
1595 2739 1769 2777 Ecclesia

130 2893 162 2926 1.
193 2892 233 2925 Β.
263 2891 320 2931 Ν.,
347 2903 414 2924 ms.
441 2890 536 2923 latin
561 2890 664 2924 1470.

132 2947 162 2978 2.
192 2945 233 2978 B.
258 2944 315 2984 Ν.,
337 2956 404 2977 ms.
425 2943 521 2976 latin
540 2943 669 2983 11745,
691 2943 753 2976 fol.
775 2943 819 2976 37
840 2947 891 2975 νο.

130 2999 162 3031 3.
194 2998 348 3031 Ibidem.

131 3053 162 3084 4.
195 3051 348 3084 Ibidem.

131 3105 163 3137 5.
195 3104 262 3136 Ms.
285 3103 368 3142 cite,
390 3102 452 3135 fol.
476 3102 545 3135 189
564 3106 607 3134 r0.
