2083 3458
68 285 198 342 [923]
598 303 814 329 PAPARUM
849 304 1231 332 AVENIONENSIUM
1683 289 1764 332 439

72 386 378 427 commisssariis
412 387 702 436 persolvissent
737 388 1037 438 quinquaginta
1081 389 1206 427 millia
1254 390 1451 428 librarum
1486 390 1634 429 additl
1672 408 1678 430 ;
1715 392 1765 429 Et

70 445 197 494 jactae
212 444 373 493 fuerunt
389 452 510 482 certae
526 445 794 483 ordinationes
811 447 913 485 circa
928 447 1096 496 formam
1114 449 1321 486 creationis
1339 450 1544 487 consulum
1560 464 1629 499 per
1646 450 1766 488 dictos

73 503 376 550 commissarios,
407 503 551 553 quibus
579 501 791 553 adjunctus
818 505 947 554 suerat
976 507 1160 555 magister
1189 508 1413 557 Stephanus
1442 509 1607 549 Alberti.
1638 509 1766 557 legum

73 562 278 612 professor.
304 562 397 600 Vidi
421 563 516 600 olim
540 563 723 610 Tolosae,
748 564 846 601 dum
868 565 949 603 illic
973 580 1163 604 vacarem
1187 567 1346 613 studiis,
1366 567 1504 605 literas
1525 568 1672 616 quibus
1695 583 1764 606 rex

73 621 283 671 Philippus
325 621 468 659 arresti
508 636 629 671 supra
671 624 980 661 commemorati
1020 625 1304 663 executionem
1344 626 1633 664 committebat
1673 627 1765 665 huic

74 680 295 730 Stephano.
328 680 481 717 Earum
508 680 671 718 initium
701 681 813 719 istud
843 691 930 719 erat
961 699 967 720 ε
999 683 1232 733 Philippus,
1258 684 1334 721 Dei
1364 685 1492 733 gratia
1520 686 1766 723 Francorum

73 753 151 786 rex,
186 739 320 776 dilecto
352 747 386 777 et
419 739 525 788 fideli
559 739 789 777 consiliario
824 750 951 778 nostro
986 742 1173 790 magistro
1207 743 1405 793 Stephano
1438 744 1603 790 Alberti,
1638 745 1767 793 legum

72 797 297 847 professori,
330 798 496 835 salutem
527 806 561 836 et
591 798 848 837 dilectionem.
883 800 988 849 Quia
1021 801 1062 837 in
1093 802 1314 839 executione
1346 803 1497 849 arresti,
1530 811 1604 841 etc.
1642 804 1695 840 Et
1725 804 1766 841 in

74 856 180 895 calce
214 872 221 894 :
253 856 403 894 Datum
435 857 636 904 Parisius,
670 858 731 895 clie
764 858 956 907 vigesima
986 861 1158 897 secunda
1188 861 1431 910 septembris,
1465 876 1571 898 (inno
1600 862 1766 899 Domini

73 915 280 953 millesimo
305 915 592 954 CCCXXXV.
623 917 821 955 Henricus
848 918 1046 956 Pantaleo
1070 919 1111 956 in
1136 933 1208 957 sua
1224 919 1555 969 Chronographia
1584 921 1637 971 [p.
1666 921 1765 971 110]

73 989 166 1013 eum
180 974 668 1024 vocatjurisconsultum.
688 976 850 1013 platina
870 977 1073 1026 pontificii
1094 978 1305 1027 civilisque
1329 979 1428 1028 juris
1452 980 1585 1017 virum
1609 981 1766 1018 consul-

72 1033 290 1081 tissimum,
309 1041 350 1072 et
369 1034 547 1072 ,Joannes
568 1035 707 1072 Chenu
728 1035 770 1072 in
794 1035 1056 1084 Chi-otiologia
1081 1051 1326 1074 summorum
1348 1038 1589 1087 Pontificum
1617 1039 1766 1076 utrius-

73 1107 150 1142 que
176 1092 276 1142 juris
306 1093 602 1140 doctissimum,
632 1093 878 1132 Trithemius
907 1095 948 1131 in
975 1094 1168 1132 Chronico
1196 1096 1482 1144 Hirsaugiensi
1511 1098 1766 1135 canonistam

72 1151 313 1199 maximum,
342 1152 485 1189 Petrus
514 1152 745 1190 Dorlandus
772 1153 813 1190 in
839 1153 1032 1191 Chronico
1058 1153 1307 1192 Cartusiensi
1333 1156 1589 1193 canonistam
1615 1157 1767 1206 praeci-

71 1225 214 1260 puum,
240 1211 507 1249 excellentem
531 1211 572 1248 in
597 1226 637 1249 rc
664 1212 859 1250 canonica
888 1213 1126 1250 Franciscus
1154 1214 1374 1251 petrarcha
1400 1215 1440 1251 in
1466 1215 1569 1252 libro
1592 1216 1652 1252 De
1677 1215 1769 1253 vitis

72 1269 316 1319 Pontificum
333 1270 615 1308 Romanorum.

126 1328 270 1367 Virum
301 1328 470 1367 doctum
501 1337 543 1368 et
573 1330 913 1379 permagnificum
944 1345 1038 1368 eum
1069 1339 1192 1369 vocat
1224 1331 1471 1370 Trithemius
1502 1333 1543 1370 in
1575 1333 1769 1371 Chronico

72 1387 375 1436 Hirsaugiensi,
398 1388 674 1426 Bernardinus
698 1389 837 1427 Corius
859 1389 901 1426 in
922 1389 1106 1427 Historia
1122 1390 1418 1428 Alediolanensi
1441 1392 1574 1429 virum
1595 1392 1768 1441 integer-

74 1447 238 1494 rimum,
266 1446 400 1497 Scipio
427 1447 728 1485 Claramontius
754 1448 794 1485 in
820 1448 1003 1486 Historia
1028 1449 1238 1496 Caesenae,
1266 1450 1332 1488 fol.
1361 1450 1449 1497 538,
1477 1451 1610 1489 virum
1636 1451 1769 1488 famae

72 1505 373 1555 integerrimae,
407 1506 594 1544 doctrina
625 1514 765 1545 tamen
795 1522 877 1545 non
897 1508 1059 1557 insigni,
1081 1508 1284 1558 pontificii
1304 1509 1403 1558 juris
1426 1510 1649 1559 plurimum
1676 1511 1768 1548 reti-

74 1573 253 1603 nentem.
281 1565 431 1603 Contra
455 1565 647 1613 Pellinus,
668 1574 697 1604 t.
722 1581 747 1613 1,
772 1566 974 1604 Historiae
995 1567 1226 1615 Perusinae,
1244 1582 1283 1617 p.
1309 1568 1397 1615 930,
1423 1569 1482 1606 ait
1509 1569 1624 1608 illum
1649 1569 1769 1607 fuisse

74 1623 282 1661 hominem
326 1623 457 1662 bonae
501 1624 612 1662 vitae
646 1639 692 1662 ac
726 1625 936 1663 doctrinae
970 1641 1051 1663 non
1085 1627 1262 1676 vulgaris
1295 1627 1335 1664 in
1367 1627 1455 1676 jure
1498 1628 1693 1666 canonico
1730 1637 1769 1666 et

73 1683 193 1721 civili.

128 1742 170 1780 P.
200 1741 290 1789 309,
318 1742 385 1791 lig.
416 1742 450 1781 6.
483 1743 632 1780 JUDEx
666 1758 809 1781 MAIOR.
841 1744 880 1782 Si
917 1744 1150 1794 Stephanus
1179 1744 1338 1783 Alberti
1367 1746 1445 1783 fuit
1482 1746 1610 1795 judex
1639 1746 1771 1796 major

74 1801 334 1839 senescalliae
359 1802 584 1840 Tolosanae
603 1801 631 1849 2,
656 1810 819 1852 oportet
841 1803 957 1841 illum
980 1818 1026 1841 eo
1044 1803 1291 1853 magistratu
1315 1804 1517 1843 donatum
1540 1820 1624 1843 esse
1648 1806 1770 1855 paulo

73 1868 168 1910 post
191 1861 510 1898 commotionem
532 1861 644 1898 illam
667 1861 926 1900 Tolosanam.
953 1862 1117 1900 Etenim
1142 1863 1274 1901 factus
1298 1871 1359 1901 est
1382 1864 1595 1914 episcopus
1622 1865 1770 1902 Novio-

74 1919 222 1957 mensis
251 1933 359 1957 anno
389 1920 741 1958 MCCCXXXVII
771 1929 960 1968 exeunte,
986 1929 1033 1958 ut
1062 1922 1264 1971 colligitur
1284 1936 1332 1960 ex
1353 1923 1456 1960 libro
1473 1923 1771 1972 Obligationum

74 1977 229 2016 archivi
251 1978 457 2026 Vaticani,
478 1978 549 2016 ubi
572 1979 804 2029 Stephanus
827 1981 978 2018 electus
1003 1980 1288 2018 Noviomensis
1310 1982 1502 2031 pecunias
1527 1996 1630 2032 quae
1653 1983 1772 2020 debe-

74 2037 227 2074 bantur
244 2051 317 2086 pro
336 2038 621 2075 communibus
641 2038 816 2076 servitiis
835 2039 1066 2089 promisisse
1086 2039 1235 2077 dicitur
1252 2054 1360 2077 anno
1380 2041 1771 2087 MCCCXXXVIII,

75 2095 138 2134 die
156 2110 263 2133 nona
280 2096 459 2145 januarii
478 2096 507 2143 3,
525 2097 566 2134 id
583 2105 658 2144 est,
675 2097 889 2147 aliquanto
902 2106 994 2148 post
1013 2099 1253 2148 electionem
1271 2107 1318 2136 ut
1336 2107 1425 2136 tum
1443 2101 1644 2138 solebant.
1662 2101 1770 2138 Ince-

75 2155 137 2204 pit
156 2154 281 2204 igitur
302 2170 386 2193 esse
408 2156 616 2205 praelatus
638 2170 746 2194 anno
769 2157 1143 2195 MCCCXXXVIII
1167 2165 1207 2196 et
1230 2158 1498 2207 quadriennio
1520 2168 1613 2209 post
1638 2160 1771 2198 factus

75 2221 137 2252 est
160 2213 390 2252 cardinalis.
417 2214 548 2262 Quare
572 2229 653 2252 non
675 2215 773 2253 satis
797 2230 992 2265 assequor
1015 2217 1221 2266 quomodo
1245 2217 1424 2256 „Ioannes
1449 2218 1496 2255 dc
1520 2218 1772 2256 Cardalhaco

76 2272 118 2309 in
137 2286 321 2310 sermone
342 2273 456 2322 eujus
476 2274 599 2323 paulo
619 2282 715 2312 ante
736 2274 811 2312 feci
831 2275 1082 2313 mentionem
1102 2276 1284 2326 potuerit
1304 2276 1434 2314 dicere
1455 2277 1579 2314 verba
1603 2291 1771 2326 sequen-

76 2331 135 2369 tia
153 2331 168 2353 4
187 2347 195 2369 :
224 2332 353 2369 Tertio
376 2332 461 2369 dico
480 2333 581 2382 quod
601 2332 685 2382 ipse
701 2334 913 2383 plusquam
930 2334 1116 2372 Salomon
1133 2343 1290 2384 propter
1304 2335 1558 2383 sagacitatem
1573 2336 1772 2385 experien-

78 2389 129 2427 tie
150 2390 337 2429 certioris.
364 2391 456 2441 Ipse
489 2391 595 2428 enim
622 2400 676 2430 est
704 2392 891 2430 dominus
920 2407 1061 2442 magne
1091 2394 1327 2443 experientie
1359 2395 1400 2431 in
1434 2395 1716 2444 temporalibus
1740 2402 1773 2431 et

75 2449 347 2487 ecclesiasticis
374 2466 381 2488 ε
408 2450 502 2500 quia
525 2450 604 2499 fuit
630 2451 672 2488 in
698 2452 809 2488 domo
835 2451 1005 2489 Francie
1034 2452 1125 2489 bene
1151 2467 1219 2502 per
1243 2452 1327 2489 XV
1350 2466 1477 2490 annos
1513 2460 1545 2491 et
1575 2454 1667 2490 hene
1695 2453 1773 2502 fuit

124 2581 156 2614 1.
186 2580 340 2620 Ibidem,
371 2582 439 2615 col.
471 2582 528 2615 42.

125 2634 156 2667 2.
185 2633 287 2666 Dans
313 2634 411 2667 deux
435 2640 536 2667 actes
563 2635 611 2668 du
637 2636 681 2669 16
706 2637 800 2669 avril
824 2637 918 2670 1328
945 2629 1103 2670 Etienne
1127 2637 1273 2670 Aubert
1297 2644 1403 2681 porte
1428 2638 1459 2671 le
1485 2638 1571 2671 titre
1598 2639 1641 2671 de
1665 2638 1774 2681 judea:

75 2687 287 2720 ordinarius
306 2686 455 2720 Tholose
475 2687 630 2731 (Mollat,
649 2700 684 2722 n.
703 2689 821 2722 42399
839 2696 877 2722 et
893 2690 1039 2733 42409).
1057 2708 1105 2713 —
1124 2690 1180 2723 En
1197 2691 1291 2723 avril
1309 2692 1400 2724 1337
1418 2691 1443 2724 il
1463 2691 1506 2723 fit
1523 2691 1643 2735 partie
1662 2691 1772 2724 d'une

77 2739 299 2772 ambassade
324 2739 506 2782 francaise
532 2741 595 2784 qui
619 2742 803 2775 entretint
826 2743 961 2776 Benoit
986 2743 1065 2775 XII
1091 2743 1134 2776 de
1159 2744 1194 2776 la
1217 2743 1498 2777 reconciliation
1516 2745 1566 2790 ‘de
1592 2744 1703 2778 Louis
1730 2745 1773 2777 de

77 2792 232 2826 Baviere
263 2803 354 2826 avec
383 2793 415 2826 le
445 2792 677 2838 Saint-Siege
707 2800 745 2827 et
775 2795 962 2829 d’afl'aires
992 2796 1290 2840 ecclesiastiques
1325 2796 1515 2839 (Daumet,
1546 2809 1580 2830 n.
1615 2797 1710 2841 284).
1744 2797 1773 2830 Ι]

78 2845 183 2885 etait,
207 2845 228 2878 a
249 2851 347 2879 cette
370 2847 526 2889 epoque,
550 2847 732 2881 chanoine
755 2848 799 2881 de
823 2848 937 2888 Paris,
962 2849 1054 2882 clerc
1076 2854 1114 2881 et
1136 2850 1327 2882 conseiller
1349 2850 1398 2882 du
1419 2850 1484 2883 roi.
1510 2850 1539 2882 Il
1573 2851 1775 2894 aceomplit

79 2899 245 2931 d’autres
265 2898 436 2932 missions
458 2899 478 2931 a
498 2899 533 2932 la
553 2911 643 2933 cour
662 2901 877 2944 d'Avignon
897 2913 943 2934 en
961 2902 1083 2944 juillet
1099 2902 1202 2941 1337,
1225 2913 1270 2934 en
1285 2902 1441 2945 janvier‚
1460 2903 1553 2936 avril
1573 2909 1611 2936 et
1631 2903 1776 2937 decem—

78 2952 142 2985 bre
164 2952 269 2992 1338,
292 2963 338 2984 en
359 2952 434 2984 mai
456 2952 545 2985 1341
574 2952 764 2996 (Daumet‚
788 2966 822 2987 n.
846 2955 927 2994 343,
950 2954 1031 2994 399,
1054 2955 1135 2994 433,
1160 2955 1229 2987 544
1250 2961 1288 2988 et
1309 2956 1388 2995 852,
1413 2961 1450 2988 et
1474 2955 1514 2989 E.
1530 2955 1684 3000 Deprez,
1708 2956 1776 2989 Les

80 3004 362 3049 preliminaires,
388 3016 422 3048 p.
449 3005 545 3048 432).

127 3058 160 3091 3.
179 3057 283 3090 Lisez
297 3057 477 3100 februarii
496 3058 629 3100 (Vidal‚
648 3065 673 3092 t.
690 3071 727 3098 11,
746 3071 780 3103 p.
799 3060 895 3102 429).
916 3051 1074 3092 Etienne
1090 3060 1150 3093 fut
1165 3062 1315 3094 nomme
1332 3061 1352 3093 a
1370 3061 1506 3104 Noyon
1520 3062 1553 3094 le
1570 3062 1614 3095 13
1629 3062 1777 3105 janvier

82 3111 173 3144 1338
196 3110 319 3153 (Ibat,
343 3122 377 3144 n.
402 3110 522 3152 5252).

129 3164 161 3196 4.
191 3163 232 3196 B.
255 3163 312 3202 N.‚
332 3163 427 3196 latin
447 3163 554 3204 3294,
575 3163 637 3198 fol.
660 3165 727 3198 208
740 3169 782 3198 ΓΟ.
