2083 3458
112 249 263 304 [1128]
630 265 844 291 PAPARUM
881 266 1262 291 AVENlONENSIUM
1709 253 1790 295 649

153 348 253 386 Cum
267 348 391 397 igitur
406 347 506 385 Otto
522 356 614 398 post
630 349 728 386 haec
742 348 926 387 rediisset
945 349 1169 399 Neapolim,
1187 358 1233 387 ut
1248 358 1426 388 testatur
1440 350 1561 388 etiam
1578 352 1788 403 episcopus

100 407 360 453 Tudertinus,
379 415 420 444 et
443 407 594 444 bellum
616 407 668 444 ab
694 407 860 445 Urbano
883 408 1107 446 excitatum
1127 417 1232 446 esset
1250 409 1443 448 adversus
1469 410 1673 448 Joannam
1690 413 1789 461 regi·

100 480 209 513 nam,
233 479 357 515 quam
377 466 461 503 lata
484 466 753 504 audacissima
776 467 979 504 sententia
1001 467 1182 517 privavit
1204 482 1325 517 regno
1347 477 1387 506 et
1410 469 1550 506 ceteris
1574 471 1789 519 possessio-

101 525 218 563 nibus
244 525 338 572 suis,
365 533 407 562 et
431 524 616 562 subditos
643 525 729 574 ejus
756 526 934 563 absolvit
959 540 981 563 a
1006 526 1240 575 juramento
1269 527 1477 565 fidelitatis
1503 543 1573 565 seu
1598 529 1789 579 homagii,

104 584 276 622 Karolus
301 585 385 622 dux
410 584 573 621 Duracii
592 583 605 605 1
628 584 830 623 immissus
855 585 906 622 ab
930 599 976 622 eo
999 594 1060 623 est
1082 585 1123 622 in
1146 599 1314 634 regnum
1339 586 1517 624 Siculum
1540 602 1609 625 seu
1633 588 1789 639 Neapo-

99 643 275 681 litanum
296 656 404 680 anno
420 642 733 687 MCCCLXXX,
752 651 793 681 et
814 643 978 681 additae
1000 644 1051 681 ab
1075 644 1230 693 optimo
1246 652 1362 694 patre
1382 645 1599 684 universali
1619 647 1789 697 flagran-

101 702 281 740 tissimae
305 716 440 752 preces
465 701 517 738 ad
540 716 722 751 proceres
746 702 857 751 regni
882 698 1141 752 Neapolitani
1164 712 1211 740 ut
1233 717 1256 740 a
1281 704 1440 741 Joanna
1463 713 1505 742 et
1529 705 1679 744 Ottone
1703 707 1788 755 ejus

102 761 189 799 viro
211 760 431 799 deficerent
452 760 506 797 ad
530 760 727 798 Karolum
749 769 789 799 et
812 761 1083 811 Margaretam
1105 762 1190 811 ejus
1213 776 1401 809 uxorem;
1425 763 1546 803 Odor.
1573 765 1789 814 Raynald.,

102 834 167 859 an.
194 819 308 867 1380,
339 820 355 867 S
379 820 402 856 4
423 818 450 858 ².

158 879 331 917 Karolus
352 878 507 916 Urbani
525 879 681 916 monita
700 887 861 916 secutus
880 888 920 917 et
938 888 1043 917 artes
1063 879 1261 927 imitatus,
1282 880 1421 918 fraude
1439 882 1575 931 potius
1594 897 1718 932 quam
1736 884 1789 930 vi,

103 946 150 976 ut
169 938 437 976 Theodericus
459 951 481 974 a
503 937 621 976 Niem
651 938 854 985 observat,
876 938 1030 988 potitus
1050 938 1065 960 '2
1083 947 1144 976 est
1173 939 1339 977 civitate
1361 940 1645 990 Neapolitana,
1667 956 1789 991 quam

104 997 205 1035 Otto
231 997 315 1034 dux
340 997 530 1035 continue
556 996 719 1034 interim
746 1011 836 1034 cum
864 997 1000 1034 valido
1026 997 1206 1035 exercitu
1232 998 1402 1037 obsedit.
1428 1000 1536 1036 Dum
1558 1000 1641 1049 jam
1667 1001 1790 1038 dictus

105 1056 279 1094 Kar-olus
300 1070 417 1093 suum
439 1064 473 1093 et
494 1070 655 1093 suorum
678 1056 855 1093 omnium
879 1056 1078 1093 interitum
1100 1071 1167 1106 pre
1189 1057 1311 1094 oculis
1334 1055 1567 1108 conspiceret
1590 1059 1791 1097 imminere

104 1116 155 1153 ad
171 1115 294 1153 aliam
312 1115 502 1153 cautelam
518 1129 557 1151 se
576 1114 768 1162 convertit,
789 1115 829 1152 id
848 1123 921 1156 est,
941 1115 1106 1152 insidias
1126 1116 1303 1153 tetendit
1323 1116 1480 1164 Ottoni‚
1501 1132 1620 1166 quem
1640 1133 1685 1156 ea
1705 1128 1790 1157 arte

106 1182 272 1225 captum
288 1173 304 1195 3
327 1174 406 1212 fere
430 1189 500 1224 per
533 1173 754 1211 triennium
788 1174 931 1211 habuit
954 1174 993 1211 in
1017 1174 1221 1215 custodia2
1246 1175 1440 1214 Theoder.
1465 1190 1487 1213 3
1512 1177 1641 1223 Niem,
1665 1178 1732 1216 lib.
1762 1179 1790 1224 Ι,

104 1234 161 1271 De
181 1233 397 1279 schismate,
421 1247 507 1283 cap.
532 1247 633 1269 xxm
668 1232 720 1283 [p.
744 1233 792 1270 43
808 1233 832 1282 ]
857 1233 959 1270 Acta
982 1233 1079 1271 haec
1100 1247 1207 1271 anno
1230 1234 1564 1273 MCCCLXXXI.

160 1293 337 1331 Joannes
368 1292 613 1330 Trithemius
644 1292 685 1329 in
713 1300 826 1330 tomo
856 1292 1032 1329 secundo
1062 1292 1247 1329 Chronici
1276 1293 1594 1342 Hirsaugiensis,
1635 1310 1671 1345 p.
1704 1295 1791 1341 275,

108 1351 196 1399 285,
213 1352 320 1389 hunc
338 1351 501 1389 Ottonis
520 1365 718 1388 carcerem
735 1352 851 1398 longe
868 1351 947 1388 alio
964 1351 1188 1398 transtulit,
1208 1352 1397 1390 nimirum
1414 1353 1465 1390 ad
1482 1353 1585 1391 bella
1606 1354 1743 1392 Karoli
1761 1355 1793 1391 V

111 1411 358 1449 Francorum
378 1410 479 1459 regis
501 1410 695 1448 adversus
719 1410 920 1448 Joannem
942 1410 1084 1447 ducem
1106 1410 1356 1457 Britanniae,
1378 1425 1423 1448 at·
1444 1420 1585 1461 postea
1607 1413 1664 1450 ait
1685 1427 1793 1451 cum-

109 1470 198 1508 dem
223 1472 416 1508 Ottonem
440 1471 528 1519 plus
551 1483 672 1518 quam
696 1469 871 1506 triennio
892 1469 931 1506 in
952 1469 1164 1506 Britannia
1185 1470 1304 1507 fuisse
1324 1470 1548 1520 captivum,
1570 1480 1610 1509 et
1631 1471 1794 1510 demum

110 1529 361 1568 Avenionem
392 1528 562 1566 ductum
592 1543 689 1575 esse,
720 1536 760 1565 et
790 1528 882 1565 inde
912 1528 1081 1565 liberum
1114 1528 1305 1565 emissum
1336 1529 1490 1567 venisse
1521 1530 1561 1567 in
1592 1530 1792 1580 Apuliam.

111 1589 222 1636 Quae
240 1588 374 1625 omnia
391 1596 487 1625 sunt
503 1602 684 1626 errorum
700 1588 831 1637 plena.
855 1587 1119 1636 Intelligenda
1137 1588 1286 1637 quippe
1303 1597 1398 1625 sunt
1416 1588 1463 1626 de
1481 1603 1635 1627 carcere
1655 1591 1796 1628 Miner-

111 1649 206 1685 vino
226 1655 266 1685 et
289 1647 429 1685 ceteris
452 1661 555 1696 quae
578 1646 862 1684 describuntur
883 1660 904 1683 a
922 1647 1168 1684 Theoderico
1185 1660 1206 1683 a
1226 1647 1355 1692 Niem,
1372 1648 1440 1685 lib.
1461 1648 1489 1694 I,
1504 1648 1561 1685 De
1580 1649 1796 1695 schismate,

111 1721 198 1757 cap.
226 1721 278 1743 Lx
314 1706 367 1757 [p.
395 1706 506 1755 109].

166 1765 309 1803 Evasit
340 1765 510 1803 tandem
543 1780 563 1803 e
598 1778 753 1802 carcere
776 1764 790 1786 ⁴
815 1765 882 1802 1110
916 1778 1023 1801 anno
1056 1765 1267 1803 millesimo
1290 1766 1622 1812 CCCLXXXIV,
1653 1775 1699 1804 ut
1719 1767 1798 1804 illic

111 1824 240 1862 tradit
269 1824 552 1862 Theodericus.
585 1823 684 1861 Vide
714 1824 837 1861 etiam
870 1824 1089 1862 Odoricum
1121 1824 1395 1872 Raynaldum,
1425 1839 1489 1862 an.
1519 1825 1630 1872 1384,
1664 1826 1680 1873 ἓ
1710 1825 1731 1862 2
1760 1834 1799 1863 et

112 1883 333 1921 Historiam
361 1883 502 1921 Karoli
535 1883 592 1920 Vl
621 1882 723 1931 regis
751 1883 1008 1925 Francorum,
1037 1898 1074 1932 p.
1105 1882 1180 1920 553
1207 1883 1395 1920 editionis
1424 1883 1567 1932 regiae.
1599 1884 1686 1932 Quo
1713 1886 1800 1922 loco

112 1942 393 1981 admonendus
426 1951 487 1980 est
518 1943 644 1980 lector
675 1942 861 1980 eumdem
900 1942 1173 1990 Haynaldum.
1199 1956 1263 1979 an.
1293 1942 1404 1988 13811,
1444 1943 1460 1990 ξ
1495 1943 1554 1984 12,
1588 1944 1800 1981 observare

114 2002 324 2048 Ottonem,
355 2009 575 2052 postquam
609 2001 794 2039 custodia
826 2001 993 2038 emissus
1028 2000 1117 2044 fuit,
1151 2001 1202 2037 ad
1236 2001 1462 2039 Robertum
1496 2002 1800 2039 Gebennensem

112 2061 351 2111 antipapam
382 2061 624 2111 profectum,
654 2075 726 2110 pro
755 2074 835 2109 quo
863 2060 905 2097 111
932 2060 1061 2097 indice
1090 2060 1192 2097 tomi
1222 2074 1306 2097 xvn
1335 2060 1472 2110 posuit
1500 2061 1613 2099 illum
1641 2062 1799 2110 lapsum

113 2134 268 2158 carcere
303 2120 355 2158 ad
389 2120 631 2169 antipapam
666 2134 706 2157 se
741 2118 972 2164 contulisse,
1008 2132 1100 2157 cum
1133 2127 1274 2157 tamen
1308 2119 1576 2157 Theodericus
1613 2134 1634 2156 a
1672 2120 1800 2161 Niem,

114 2194 163 2217 ex
189 2179 305 2228 cujus
335 2179 412 2217 side
442 2178 680 2228 Raynaldus
707 2178 784 2216 ista
812 2178 964 2224 scribit,
993 2177 1102 2215 dieat
1129 2178 1364 2227 simpliciter
1391 2192 1479 2214 eum
1510 2193 1578 2228 per
1605 2179 1801 2227 quosdam

116 2246 281 2288 captum
305 2238 357 2275 ad
380 2237 633 2276 Avenionem
655 2237 825 2275 ductum
847 2251 943 2274 esse.
972 2237 1016 2273 111
1039 2251 1119 2285 quo
1140 2245 1347 2286 praeterea
1375 2237 1610 2285 Raynaldus
1634 2237 1803 2274 nimium

115 2297 328 2335 infeliciter
351 2297 593 2335 adversatur
618 2296 749 2334 eidem
777 2295 1036 2337 Theoderico,
1059 2295 1127 2344 qui
1148 2309 1235 2345 cap.
1260 2310 1326 2332 vm
1348 2304 1386 2332 et
1410 2310 1494 2332 xvu
1526 2296 1579 2345 [p.
1602 2295 1650 2332 24
1670 2304 1709 2333 et
1730 2296 1802 2344 341

116 2364 294 2394 testatur
324 2356 534 2403 Ottonem,
564 2355 650 2393 licet
679 2355 844 2392 multum
874 2355 916 2392 de
947 2354 1075 2403 ipsius
1111 2354 1263 2391 Urbani
1293 2354 1439 2391 (Im-itia
1470 2355 1618 2397 doleret,
1649 2369 1805 2403 semper

116 2415 293 2453 tenuisse
312 2423 352 2453 et
371 2415 530 2464 publice
549 2414 696 2452 dixisse
716 2414 826 2463 quod
843 2414 927 2463 ipse
947 2428 1063 2451 verus
1083 2421 1187 2450 esset
1206 2427 1325 2462 papa,
1345 2422 1385 2450 et
1404 2413 1581 2461 reginam
1603 2414 1805 2450 Joannam

117 2474 347 2512 adhaesisse
378 2473 575 2511 Clementi
604 2481 736 2511 contra
765 2473 994 2510 voluntatem
1026 2471 1117 2509 dicti
1147 2471 1298 2509 Ottonis
1326 2472 1411 2520 ejus
1441 2472 1584 2509 mariti.
1620 2472 1805 2521 Ingratus

168 2600 198 2632 1.
228 2598 299 2631 Sur
317 2598 367 2631 les
387 2599 641 2637 evencments,
663 2597 744 2630 voir
764 2597 888 2630 Valois
913 2598 951 2638 (1.
972 2609 1008 2633 11,
1032 2608 1064 2639 p.
1087 2596 1199 2638 8-89).
1223 2596 1274 2627 La
1296 2596 1536 2628 dissertation
1557 2596 1600 2628 de
1622 2595 1668 2628 M.
1694 2596 1812 2628 Roth—

120 2652 232 2685 barth
248 2651 392 2693 (Urban
408 2650 463 2682 VI
476 2651 551 2683 und
568 2649 719 2694 Νεαρθῖ,
741 2650 875 2690 Berlin,
898 2650 1001 2687 1913)
1026 2649 1104 2681 (1011
1121 2650 1196 2681 etrc
1216 2649 1273 2681 luc
1290 2660 1379 2680 avec
1401 2648 1630 2691 precaution,
1652 2649 1812 2682 l’auts-ur

120 2704 333 2749 paraissant
355 2704 429 2736 mal
451 2705 643 2736 connaitre
665 2704 696 2736 le
718 2704 829 2746 sujct.

171 2759 201 2791 2.
226 2757 274 2790 Lc
298 2758 342 2790 16
363 2757 485 2800 juillet
510 2757 595 2789 1381
625 2756 775 2797 (Valois,
797 2767 854 2799 op.
878 2756 948 2791 cil„
973 2761 998 2787 1.
1022 2768 1057 2791 11,
1081 2766 1115 2797 p.
1140 2754 1211 2796 10).

170 2812 202 2844 3.
224 2810 273 2843 Le
294 2810 337 2843 25
357 2810 556 2842 30311381
582 2809 647 2852 (Ut
663 2821 705 2848 s„
726 2821 760 2852 p.
782 2810 854 2851 11).
1051 2799 1055 2803 ’

171 2864 203 2897 4.
225 2863 345 2897 Otton
373 2863 416 2895 de
444 2862 673 2901 Brunswick‚
701 2862 793 2895 sorti
814 2862 857 2895 de
886 2861 1022 2904 prison,
1043 2860 1238 2903 s'engagea
1266 2871 1313 2891 au
1332 2859 1471 2892 service
1493 2860 1535 2892 de
1558 2859 1668 2892 Louis
1691 2860 1740 2899 ΙΙ,
1761 2859 1813 2893 roi

123 2917 167 2950 de
186 2916 304 2950 Sicile.
325 2916 373 2948 Le
394 2916 438 2947 20
455 2915 602 2958 janvier
619 2915 712 2947 1386
729 2915 753 2947 11
772 2915 848 2958 prit
864 2914 895 2946 le
915 2913 1244 2946 commandement
1262 2913 1324 2945 des
1343 2918 1494 2955 troupes
1514 2912 1667 2955 dirigees
1686 2919 1813 2946 contre

126 2969 263 3013 Naples
284 2969 377 3001 dont
395 2968 419 3001 il
438 2968 624 3011 s’cmpara
642 2968 674 3000 le
694 2968 714 3000 7
733 2967 856 3010 juillet
874 2967 979 3006 1387,
1009 2966 1100 2998 mais
1120 2966 1264 2998 l'annee
1283 2965 1457 2997 suivanle
1477 2965 1501 2997 il
1521 2977 1630 3008 passa
1650 2966 1740 2998 dans
1764 2967 1813 2998 lew

125 3034 234 3066 rangs
257 3022 319 3054 des
341 3021 528 3064 partisans
551 3021 594 3053 de
616 3020 840 3063 Marguerite
863 3020 905 3052 de
929 3019 1098 3052 Durazzo
1118 3024 1156 3050 et
1176 3029 1212 3050 se
1237 3018 1279 3049 fit
1300 3018 1456 3060 prendre
1477 3019 1508 3050 lc
1532 3019 1574 3050 24
1596 3019 1688 3051 avril
1709 3019 1814 3059 1392,

128 3076 157 3108 Il
181 3087 225 3108 nc
249 3080 400 3107 mourut
425 3086 490 3117 pas
514 3086 560 3106 cn
583 3074 688 3111 1388,
713 3085 856 3105 comme
880 3072 1047 3105 l⁷afflrme
1072 3071 1207 3103 Baluze
1235 3070 1384 3113 (Valois.
1409 3082 1465 3114 op.
1491 3071 1561 3109 cit„
1588 3083 1621 3114 p.
1645 3072 1814 3105 120-124.

125 3129 205 3168 142,
230 3128 309 3168 143,
337 3128 430 3170 169),
454 3127 546 3159 mais
570 3138 650 3159 vers
674 3126 878 3159 ‘1398-1399
904 3125 1080 3168 (Schascr,
1103 3135 1159 3167 op.
1184 3124 1254 3163 cit„
1278 3135 1312 3166 p.
1338 3124 1433 3164 203).
