2083 3458
92 205 243 262 [1473]
612 225 828 250 PAPARUM
864 225 1247 251 AVENIONENSIUM
1698 207 1776 249 767

81 306 343 355 Monterucis,
365 308 549 358 adeoque
573 309 745 349 Mariam
767 324 849 348 non
870 309 992 348 fuisse
1015 324 1107 348 vere
1130 324 1179 347 ex
1200 323 1342 348 corum
1364 316 1498 358 gente,
1520 309 1589 346 sed
1611 314 1777 358 propter

76 365 420 406 substitutionem
452 375 634 407 tantum.
671 369 760 416 Quo
794 382 890 407 casu
925 369 1068 407 Petrus
1104 369 1190 418 ejus
1225 376 1344 418 pater
1377 382 1458 406 non
1493 367 1636 405 fuisset
1671 365 1776 404 filius

79 424 278 474 Stephani
303 425 352 464 de
379 425 633 475 Monteruco,
659 428 728 466 sed
755 428 900 466 sororis
929 428 1039 466 Petri
1065 427 1281 466 cardinalis
1310 425 1647 477 Pampilonensis.

135 483 223 534 Ipse
270 484 579 536 [Raynulphus]
635 486 847 527 literarum
892 487 1038 525 studiis
1077 501 1242 537 operam
1288 486 1459 524 navavit
1494 486 1535 523 in
1566 484 1776 524 academia

79 542 453 594 Montispessulani,
487 545 529 582 in
565 560 644 595 qua
681 546 857 585 donatus
893 555 953 584 est
990 547 1116 596 gradu
1152 546 1328 584 doctoris
1364 545 1405 583 in
1438 545 1526 595 jure
1566 544 1775 583 canonico.

79 602 227 641 Postea
251 603 385 641 factus
410 611 472 642 est
509 605 726 643 canonicus
754 605 1032 652 Tornacensis,
1071 605 1214 643 deinde
1252 606 1464 655 episcopus
1503 603 1775 643 Sistaricensis

75 664 186 699 anno
223 662 496 710 MCCCLXX,
536 679 586 701 vn
630 664 709 702 kal.
748 664 940 702 februarii
987 665 1052 715 [2ss
1086 665 1286 715 janvier]‚
1323 672 1370 702 ut
1410 664 1529 702 docet
1568 664 1777 711 Regestum

80 720 235 758 Urbani
263 721 310 769 V,
355 721 396 759 in
442 736 521 771 quo
564 732 756 763 notatum
810 733 871 762 est
904 724 1122 762 Ecclesiam
1169 724 1476 763 Sistaricensem
1516 722 1637 761 fuisse
1686 731 1775 759 tum

79 788 296 818 vacantem
331 796 403 831 per
437 781 597 819 obitum
643 783 812 820 Gerardi
838 783 865 821 ¹.
905 783 1100 821 Extincto
1137 784 1303 821 demum
1338 782 1530 832 Gregorio
1567 782 1642 828 XI,
1683 794 1776 820 cum

81 840 352 890 Raynulphus
375 840 601 879 audivisset
621 842 986 881 Bartholomaeum
1007 842 1360 893 archiepiscopum
1379 843 1612 888 Barensem,
1633 849 1776 879 contu-

77 899 285 937 bernalem
309 899 502 938 videlicet
525 901 719 939 avunculi
742 902 817 948 sui,
842 902 1000 940 factum
1023 917 1107 940 esse
1131 916 1297 952 papam,
1323 902 1374 939 ad
1398 916 1491 940 eum
1515 916 1554 939 se
1579 899 1774 946 contulit;

75 972 99 996 a
130 972 211 1008 quo
242 958 375 997 factus
406 967 468 997 est
499 960 716 997 cardinalis
748 969 788 998 et
819 961 1099 999 locumtenens
1131 960 1325 999 avunculi
1358 961 1398 998 in
1430 959 1683 1006 cancellaria,
1716 959 1776 996 uti

77 1031 200 1067 supra
216 1032 257 1068 p.
278 1018 379 1055 1218
395 1026 606 1056 ostensum
623 1028 698 1058 est.
719 1020 850 1067 Quare
867 1020 1121 1058 Contelorius
1147 1021 1201 1070 [p.
1222 1020 1319 1070 111]
1338 1020 1543 1057 immerito
1559 1019 1775 1069 reprehen-

73 1076 138 1114 dit
174 1077 410 1115 Ciaconium
445 1086 663 1128 propterea
700 1079 810 1128 quod
845 1080 952 1117 hunc
991 1080 1287 1129 Raynulphum
1323 1078 1532 1117 vocaverit
1566 1086 1775 1127 regentem

77 1136 356 1185 cancellariae,
381 1151 474 1175 cum
499 1152 592 1177 eum
619 1152 699 1175 non
726 1138 847 1176 fuisse
873 1138 1100 1188 simplicem
1135 1147 1357 1189 regentem,
1392 1139 1462 1177 sed
1488 1137 1774 1175 vicecancella-

77 1194 194 1242 rium,
224 1204 399 1243 constet,
426 1204 473 1234 ut
499 1196 557 1234 ait
585 1198 855 1245 Contelorius,
882 1213 932 1236 ex
958 1198 1204 1236 investitura
1233 1197 1343 1247 regni
1371 1197 1527 1235 Siciliae
1555 1197 1665 1235 facta
1692 1195 1775 1245 regi

76 1254 219 1292 Carolo
237 1270 308 1305 per
328 1256 542 1294 Urbanum
561 1256 632 1303 VI,
651 1271 759 1294 anno
779 1257 1121 1304 MCCCLXXXI,
1140 1257 1203 1294 die
1222 1257 1353 1307 prima
1371 1256 1488 1306 junii.
1508 1257 1611 1295 Sane
1630 1269 1773 1294 verum

74 1321 137 1352 est
162 1328 257 1352 eum
283 1314 362 1352 illic
389 1315 527 1353 vocari
555 1316 948 1363 vicecancellarium,
976 1317 1045 1354 sed
1074 1332 1143 1367 per
1169 1316 1424 1363 abusionem,
1453 1316 1548 1366 quia
1576 1315 1772 1353 cancella-

74 1373 177 1410 riam
204 1388 296 1412 vere
322 1374 504 1423 regebat,
531 1375 592 1412 uti
618 1390 739 1426 supra
767 1391 805 1426 p.
835 1376 910 1413 584
936 1384 976 1414 et
1003 1376 1079 1414 638
1106 1375 1417 1415 observavimus
1448 1375 1650 1425 quosdam
1677 1373 1773 1411 olim

73 1432 185 1483 apud
207 1433 382 1471 Francos
405 1433 526 1472 fuisse
548 1443 717 1473 vocatos
739 1435 1001 1473 cancellarios
1023 1435 1092 1485 qui
1112 1450 1151 1473 re
1174 1449 1268 1473 vera
1290 1449 1371 1472 non
1390 1443 1508 1473 erant
1528 1432 1772 1472 cancellarii.

73 1491 191 1529 Bulla
213 1506 334 1542 porro
359 1493 515 1530 Urbani
539 1493 594 1530 VI
618 1494 666 1531 de
689 1494 935 1532 investitura
959 1494 1070 1543 regni
1094 1494 1250 1532 Siciliae
1274 1502 1391 1532 extat
1413 1494 1525 1544 apud
1550 1492 1772 1532 Odoricum

78 1551 354 1600 Raynaldum,
375 1566 440 1591 an.
462 1552 577 1600 1381,
603 1554 619 1601 ἓ
639 1553 674 1592 2.
698 1554 898 1591 Heredem
919 1554 1081 1604 scripsit
1104 1554 1374 1603 Raynulphus
1396 1553 1564 1591 Mariam
1591 1553 1639 1590 de
1660 1552 1771 1588 Mon-

72 1618 213 1649 teruco
247 1619 414 1661 neptem
456 1606 603 1659 suam,
624 1612 750 1651 filiam
792 1613 982 1651 videlicet
1017 1613 1126 1651 Petri
1169 1613 1304 1651 fratris
1339 1612 1413 1659 sui,
1457 1621 1631 1662 nuptam
1664 1625 1771 1648 anno

75 1669 347 1708 MCCCCXVI
366 1671 581 1709 Francisco
599 1671 778 1710 Guileiio
796 1672 921 1710 nobili
938 1672 1104 1712 Lemov
1096 1672 1232 1719 1censi,
1249 1672 1310 1709 uti
1326 1686 1447 1722 supra
1464 1687 1504 1721 p
1522 1671 1597 1709 935
1614 1670 1770 1709 dictum

70 1737 147 1767 est.
172 1729 294 1767 Errat
315 1744 434 1780 porro
458 1730 682 1778 Frizonius,
704 1746 743 1781 p
768 1732 842 1769 4
804 1748 856 1779 1-,)
880 1732 1058 1770 scribens
1081 1731 1195 1771 illum
1218 1731 1338 1769 fuisse
1361 1732 1575 1770 absentem
1601 1745 1647 1768 eo
1670 1737 1770 1768 tem-

72 1802 168 1837 pore
186 1803 267 1838 quo
284 1788 418 1827 factus
436 1798 497 1828 est
515 1790 746 1829 cardinalis.
766 1791 884 1829 Falso
905 1791 1002 1829 item
1030 1791 1077 1829 de
1100 1791 1167 1828 illo
1192 1790 1373 1871 explicat
1390 1791 1523 1828 locum
1550 1789 1771 1840 quemdam

71 1847 291 1886 obscurum
312 1863 362 1886 ex
384 1848 578 1887 Chromco
599 1849 763 1888 Pisano

128 1907 327 1944 Pfflmppi
336 1923 352 1945 s
376 1923 429 1945 DE
455 1909 722 1954 ALENJJONIO,
745 1924 887 1959 regum
915 1909 1110 1948 Franciae
1133 1910 1217 1947 alto
1238 1925 1258 1947 e
1283 1909 1478 1959 sanguine
1509 1915 1637 1955 satus,
1665 1908 1769 1944 lilius

74 1965 213 2004 Karoli
243 1967 296 2011 II,
323 1967 482 2005 comitis
512 1968 735 2016 Alenconii,
761 1976 803 2006 et
831 1968 980 2007 Mariae
1008 1969 1056 2007 de
1087 1968 1284 2018 Hispania
1312 1984 1362 2006 ex
1387 1983 1501 2006 ramo
1533 1982 1673 2005 eorum
1701 1966 1770 2016 qui

67 2024 117 2063 de
145 2025 273 2064 Cerda
301 2026 714 2076 cognominabantur,
742 2042 850 2065 anno
879 2028 1111 2066 MCCCLVI
1150 2028 1188 2077 [8
1213 2028 1327 2078 juin]
1356 2028 1477 2065 datus
1505 2035 1566 2065 est
1596 2026 1768 2064 antistes

75 2084 276 2123 Ecclesiae
307 2085 607 2133 Bellovacensi;
641 2087 756 2137 cujus
789 2087 1086 2137 possessionem
1108 2088 1362 2138 personalem
1405 2087 1579 2137 adeptus
1611 2094 1673 2123 est
1705 2084 1768 2122 die

69 2158 173 2181 xx1v
201 2144 338 2182 martii
365 2145 462 2182 anni
489 2146 711 2196 sequentis,
742 2146 926 2186 nondum
952 2155 1228 2185 consecratus.
1263 2147 1359 2184 Inde
1388 2160 1496 2183 anno
1530 2144 1767 2183 MCCCLIX

80 2202 118 2252 [3
139 2202 297 2254 juillet]
321 2204 569 2243 transfertur
591 2205 642 2242 ad
666 2206 1054 2255 Rothomagensem.
1074 2206 1203 2255 Vulgo
1221 2205 1401 2243 traditur
1421 2205 1534 2242 illum
1553 2203 1767 2242 incurrisse

69 2261 110 2299 in
135 2262 276 2303 odium
303 2262 445 2301 Karoli
470 2263 517 2311 V,
543 2264 644 2314 regis
672 2265 937 2312 Francorum,
963 2266 1014 2303 ob
1039 2273 1233 2314 negatam
1256 2273 1425 2315 propter
1448 2262 1767 2314 incapacitatem

68 2335 264 2370 personae
289 2322 570 2372 praebendam
598 2321 812 2362 Ecclesiae
840 2324 1183 2374 Rothomagensis
1196 2324 1360 2362 cuidam
1385 2323 1527 2361 clerico
1555 2336 1676 2372 quem
1701 2336 1771 2360 rex

67 2379 198 2418 eidem
225 2382 603 2429 commendaverat,
628 2390 670 2421 et
694 2397 788 2422 cum
811 2384 916 2421 hanc
941 2383 1147 2433 repulsam
1172 2398 1242 2421 rex
1271 2397 1387 2432 aegre
1413 2383 1549 2429 ferret,
1575 2396 1621 2419 ac
1646 2395 1766 2431 prop-

68 2447 178 2477 terea
199 2439 395 2489 injuriam
414 2455 532 2479 suam
552 2441 713 2480 ulturus
733 2442 1100 2492 temporalitatem,
1122 2450 1169 2480 ut
1189 2442 1311 2491 vulgo
1332 2442 1560 2491 loquuntur
1579 2454 1766 2490 pragma-

67 2497 151 2545 tici,
175 2499 550 2549 archiepiscopatus
578 2500 920 2551 Rothomagensis
944 2502 1020 2539 sub
1045 2516 1168 2538 manu
1192 2515 1264 2538 sua
1288 2500 1504 2550 posuisset,
1531 2499 1766 2549 Philippum

68 2556 288 2596 interdicto
301 2558 576 2597 ecclesiastico
590 2559 810 2609 subjecisse
823 2574 914 2598 eam
926 2560 1145 2610 regionem,
1159 2559 1333 2609 hincque
1347 2567 1613 2598 consecutum
1627 2558 1765 2595 odium

68 2615 167 2654 illud
200 2617 356 2663 Karoli‚
385 2626 478 2658 tum
507 2633 603 2656 vero
635 2618 872 2669 Philippum
902 2627 1093 2657 coactum
1123 2633 1246 2668 regno
1276 2618 1485 2666 excedere,
1520 2618 1695 2657 Romam
1725 2632 1765 2655 se

66 2675 300 2723 contulisse,
341 2675 501 2726 illicque
542 2677 699 2715 factum
739 2678 861 2716 fuisse
900 2677 1179 2728 patriarcham
1222 2677 1658 2726 Hierosolymitanum.
1703 2676 1764 2714 Ita

68 2733 234 2784 quidem
253 2735 375 2784 vulgo
395 2735 589 2782 traditur,
609 2737 679 2775 sed
700 2736 818 2774 nullis
838 2736 1084 2775 testimoniis
1105 2737 1388 2776 confirmatur.
1410 2736 1465 2773 At
1483 2750 1557 2785 ego
1575 2735 1617 2773 in
1636 2735 1765 2773 veteri

67 2793 262 2831 Chronico
282 2793 558 2832 Normanniae
577 2809 651 2834 ms.
673 2795 713 2832 in
735 2795 871 2833 codice
894 2795 997 2833 1424
1015 2795 1287 2833 bibliothecae
1317 2794 1574 2833 Colbertinae
1593 2794 1608 2816 2
1635 2795 1765 2844 reperi

120 2938 149 2969 1.
181 2937 234 2969 La
256 2937 354 2970 bulle
380 2938 528 2980 publice
555 2950 623 2981 par
648 2939 1031 2972 Albanes-Chevalier
1055 2939 1197 2981 (Gallia
1216 2940 1420 2972 christiana
1441 2939 1652 2977 novissima,
1676 2940 1764 2979 Aisr,

73 2989 259 3029 Instrum.,
279 2991 346 3023 col.
366 2990 449 3033 485)
471 2997 578 3034 porte
598 2992 633 3024 la
652 2992 738 3024 date
759 2993 808 3024 du
828 2992 872 3025 16
890 2992 1039 3035 janvier
1060 2993 1155 3035 (voir
1173 2992 1273 3025 aussi
1292 2993 1359 3025 col.
1380 2992 1567 3035 733-735).

117 3043 147 3075 2.
178 3043 219 3076 Β.
244 3043 302 3082 N.,
325 3055 393 3076 ms.
424 3043 587 3085 francais
617 3044 722 3084 5391,
753 3045 815 3078 fol.
839 3045 883 3077 50
904 3049 948 3078 r0.
969 3045 1122 3078 —Voir
1141 3046 1176 3078 la
1197 3045 1417 3088 biographie
1437 3057 1508 3088 que
1529 3045 1594 3088 j'ai
1616 3045 1764 3088 publice

67 3096 158 3129 dans
188 3097 219 3128 le
238 3095 496 3129 D13ctz'onnaire
524 3097 711 3130 d'histoire
734 3104 765 3130 e!
794 3098 835 3130 de
860 3098 1078 3141 geographie
1096 3099 1392 3141 ecclesiastique&
1412 3105 1437 3132 t.
1455 3110 1491 3138 11,
1511 3099 1578 3131 col.
1596 3098 1704 3132 96-97
1727 3107 1764 3132 et
