2083 3458
260 238 341 279 908
909 251 1061 276 NOTAE
1096 251 1156 275 AD
1191 251 1319 275 VITAs
1814 235 1968 291 [1397]

258 337 540 388 apparentiam
566 351 656 374 eum
681 336 759 386 fere
787 350 856 386 per
883 344 957 373 tres
985 334 1069 373 dies
1096 334 1294 383 detinuit,
1323 336 1367 372 de
1395 349 1472 385 qua
1500 349 1579 372 non
1607 335 1698 373 lecto
1720 335 1969 383 decumbens,

258 412 347 435 cum
371 397 482 434 XVI
507 396 568 434 die
593 395 825 446 septembris
850 395 990 433 audita
1016 394 1140 432 missa
1166 394 1350 432 intrasset
1375 409 1571 432 cameram
1599 403 1634 433 et
1658 394 1783 445 wippa
1808 409 1871 433 cor
1895 394 1968 432 ali-

258 457 495 507 quantulum
519 464 726 505 gravatum
748 454 962 504 refocillari
982 454 1171 504 petiisset,
1196 462 1408 504 antequam
1428 454 1567 491 vinum
1588 454 1806 504 afferretur,
1830 455 1968 492 sedens

258 516 471 566 apoplexia
503 529 712 566 percussus
741 515 862 564 fatale
893 513 1068 552 debitum
1097 513 1224 553 solvit.
1258 513 1498 563 Aymericus
1531 514 1579 552 de
1612 514 1808 563 Peyraco,
1840 514 1969 552 abbas

259 574 584 626 Moyssiacensis,
608 574 650 612 in
673 589 746 612 suo
770 573 965 611 Chronico
983 573 998 596 ¹
1024 587 1035 611 .·
1059 573 1111 611 Et
1133 573 1228 623 quia
1251 574 1295 611 de
1318 573 1612 611 renuntiatione
1634 582 1810 624 papatus
1832 588 1969 624 super-

258 643 445 673 venerunt
470 634 551 672 sibi
580 648 680 672 nova
706 648 752 672 ea:
778 642 889 684 parte
916 633 1019 682 regis
1047 641 1081 670 et
1114 633 1396 671 Universitatis
1423 633 1547 671 studii
1576 633 1840 680 Parisiensis,
1871 633 1969 670 visis

258 695 498 745 quibusdam
526 693 706 744 epistolis
734 701 768 731 et
798 692 925 731 verbis
954 707 1000 731 ex
1028 701 1138 743 parte
1170 692 1350 743 ipsorum
1378 692 1459 730 sibi
1488 692 1693 742 expositis,
1725 693 1871 730 dicitur
1901 707 1969 743 pre

258 754 384 792 nimio
417 755 544 792 dolore
586 753 689 791 diem
732 753 867 790 mortis
909 752 1143 802 prevenisse.
1192 753 1254 790 Ex
1287 751 1421 790 verbis
1454 767 1575 803 porro
1607 751 1725 790 istius
1758 751 1968 802 scriptoris

263 814 376 852 Vitae
407 813 620 852 Clementis
652 812 850 851 Odoricus
886 812 1142 862 Raynaldus,
1175 826 1240 850 an.
1275 811 1390 859 1394,
1429 811 1445 860 ἓ
1476 812 1514 859 4,
1546 811 1710 861 collegit
1740 812 1849 850 hunc
1880 811 1967 861 ejus

258 873 440 912 dolorem
464 887 511 911 ac
536 881 713 911 mortem
739 886 844 922 quae
868 872 1091 910 subsecuta
1117 880 1179 909 est
1205 879 1343 909 ortum
1367 886 1452 910 esse
1478 886 1528 910 ex
1552 886 1735 910 moerore
1760 871 1968 921 ingraves-

256 941 372 972 cente
399 942 440 972 et
464 932 545 970 irae
573 931 873 982 magnitudine,
891 946 980 969 cum
1001 931 1119 978 Galli,
1145 930 1296 981 inquit,
1323 939 1520 969 censerent
1535 931 1968 981 pseudopontificatum

256 993 573 1030 Avenionensem
600 992 850 1030 abolendum.
883 991 1001 1040 Quod
1030 1005 1174 1043 verum
1203 1005 1286 1029 non
1314 999 1389 1038 est,
1420 990 1526 1029 Galli
1553 990 1663 1029 enim
1690 1005 1773 1029 non
1802 990 1967 1028 dubita—

255 1052 358 1090 bant
386 1052 485 1103 quin
513 1052 697 1090 Clemens
725 1059 832 1089 esset
859 1051 978 1089 Verus
1007 1065 1053 1089 ac
1080 1050 1287 1101 legitimus
1315 1050 1429 1088 beati
1457 1050 1568 1089 Petri
1594 1065 1817 1098 successor,
1844 1049 1966 1088 Boni-

254 1112 383 1151 facius
412 1112 472 1149 IX
494 1111 676 1149 intrusus
701 1120 741 1149 et
764 1110 979 1162 antipapa,
1003 1110 1127 1160 idque
1149 1110 1353 1160 probatur
1375 1109 1502 1148 etiam
1525 1125 1576 1148 ex
1597 1109 1831 1149 discrimine
1855 1109 1966 1160 quod

254 1180 316 1210 est
346 1172 388 1210 in
418 1171 541 1209 modo
572 1170 778 1209 scribendi
808 1171 861 1209 ad
891 1185 958 1208 eos
990 1185 1040 1208 ex
1069 1178 1188 1220 parte
1219 1169 1322 1220 regis
1363 1169 1405 1207 in
1443 1178 1558 1208 tomo
1592 1177 1710 1208 sexto
1752 1169 1965 1219 Spicilegii

256 1231 516 1278 Dacheriani,
536 1246 575 1281 p.
599 1230 674 1268 114
694 1239 735 1268 et
754 1229 1036 1280 sequentibus.
1059 1230 1213 1268 Verum
1231 1229 1356 1268 iidem
1377 1229 1588 1280 cupientes
1611 1229 1736 1268 finem
1755 1229 1965 1279 imponere

252 1290 479 1338 schismati,
498 1290 696 1328 volebant
712 1297 937 1339 utrumque
955 1289 1043 1340 cogi
1060 1289 1113 1327 ad
1129 1289 1496 1336 renuntiationem,
1513 1297 1561 1327 ut
1577 1289 1682 1327 alter
1698 1289 1746 1327 de
1764 1303 1965 1327 consensu

252 1350 468 1401 utriusque
505 1349 635 1400 partis
673 1349 891 1399 eligeretur
929 1349 999 1399 qui
1037 1349 1138 1387 citra
1177 1348 1503 1387 controversiam
1540 1357 1647 1387 esset
1683 1363 1803 1386 verus
1841 1362 1964 1398 papa.

254 1411 308 1448 At
335 1410 576 1460 Raynaldus
601 1424 762 1460 semper
790 1409 1031 1458 Raynaldus
1056 1408 1142 1458 agit
1156 1403 1412 1447 advocatum
1438 1408 1633 1456 fiscalem,
1658 1423 1740 1446 non
1764 1423 1862 1446 Vero
1886 1408 1965 1446 his-

251 1470 442 1509 toricum.
467 1470 563 1508 Jam
582 1484 680 1507 vero
700 1469 733 1507 si
753 1469 950 1507 adversus
973 1468 1227 1506 Clementem
1242 1468 1618 1519 praejudicandum
1633 1476 1694 1506 est
1715 1483 1766 1506 ex
1785 1482 1831 1506 eo
1853 1467 1964 1518 quod

251 1529 469 1580 scriptores
490 1528 758 1567 historiarum
778 1528 896 1566 aiunt
917 1527 1033 1565 illum
1052 1527 1254 1566 interiisse
1276 1543 1326 1566 ex
1346 1527 1573 1566 acerbitate
1595 1526 1831 1566 iracundiae
1854 1527 1964 1577 quod

251 1589 303 1626 ad
330 1589 554 1627 cessionem
573 1596 753 1639 papatus
778 1596 1006 1638 urgeretur,
1032 1602 1147 1626 ruere
1173 1602 1335 1626 necesse
1360 1595 1423 1625 est
1457 1601 1625 1626 causam
1657 1586 1861 1625 Bonifacii
1889 1586 1964 1634 IX,

252 1648 322 1697 qui
343 1663 436 1687 cum
456 1648 496 1686 id
516 1656 726 1699 praestare
743 1648 884 1695 nollet,
908 1647 969 1684 ira
990 1647 1289 1684 immoderatius
1311 1647 1551 1685 incalescens
1566 1655 1599 1684 et
1612 1655 1812 1697 pungente
1830 1645 1966 1696 ipsum

252 1707 352 1745 dicto
370 1708 501 1745 morbo
518 1707 674 1755 calculi,
692 1708 831 1745 lectum
847 1706 1088 1756 egritudinis
1103 1706 1235 1744 subito
1253 1706 1428 1754 intravit,
1447 1706 1491 1744 in
1507 1720 1580 1756 quo
1597 1706 1710 1744 tertia
1727 1706 1789 1744 die
1804 1720 1964 1756 sequen-

252 1767 280 1804 ti
311 1767 353 1805 in
380 1768 476 1816 festo
503 1767 631 1805 sancti
660 1766 837 1815 Remigii
867 1781 981 1804 mane
1009 1766 1183 1814 decessit,
1213 1774 1260 1804 ut
1288 1765 1430 1804 scribit
1468 1766 1742 1804 Theodericus
1773 1780 1795 1803 a
1830 1765 1963 1813 Niem,

252 1826 320 1865 lib.
348 1827 401 1874 ΙΙ,
424 1827 480 1864 De
500 1827 674 1873 schism„
698 1840 786 1876 cap.
811 1841 915 1863 xxiv
943 1826 996 1876 [p.
1022 1825 1130 1875 165}

307 1887 350 1924 P.
368 1886 459 1933 517,
475 1886 541 1936 lig.
560 1886 622 1924 33.
644 1886 849 1924 DEconus
869 1900 989 1924 FACIE
1005 1885 1033 1924 2.
1051 1885 1157 1924 Hinc
1173 1885 1290 1923 facile
1305 1884 1514 1935 detegitur
1529 1884 1739 1923 insulsitas
1764 1883 1963 1934 Pompeii,

254 1946 426 1993 Vizanii,
454 1945 524 1995 qui
549 1945 618 1984 lib.
647 1945 681 1982 V
708 1945 813 1983 Hist.
842 1946 1011 1992 Bonon.,
1038 1960 1077 1995 p.
1106 1945 1195 1992 238,
1222 1944 1280 1982 ita
1308 1944 1503 1983 describit
1528 1945 1637 1983 hunc
1673 1944 1927 1983 Clementem
1955 1959 1962 1981 :

255 2006 284 2043 il
304 2006 416 2055 quale
437 2006 535 2043 oltra
556 2005 687 2042 l'esser
707 2019 832 2055 zoppo
852 2013 886 2042 et
906 2004 946 2042 di
972 2005 1096 2042 brutto
1116 2010 1285 2054 aspetto,
1301 2019 1367 2041 era
1387 2004 1529 2042 huomo
1550 2004 1659 2042 assai
1684 2004 1854 2041 bestiale.

308 2065 351 2103 P.
371 2065 461 2112 518,
479 2064 546 2114 lig.
568 2065 602 2103 1.
624 2064 812 2103 SCRIPSIT
831 2078 1122 2102 MIRABILITER.
1144 2063 1384 2113 Aymericus
1404 2063 1452 2102 de
1473 2064 1655 2113 Peyraco
1672 2063 1715 2101 in
1731 2063 1820 2101 loco
1839 2062 1963 2113 paulo

253 2132 349 2162 ante
370 2124 541 2162 laudato
561 2123 577 2146 3
599 2140 605 2161 :
629 2124 789 2161 Peritus
812 2123 854 2161 in
876 2123 1011 2161 multis
1033 2123 1306 2170 idiomatibus,
1328 2123 1438 2161 valde
1462 2123 1553 2160 bene
1572 2123 1762 2170 scribens,
1783 2131 1817 2160 et
1837 2136 1965 2160 vocem

252 2184 400 2221 habens
426 2198 610 2221 sonoram
631 2191 665 2220 et
691 2198 879 2232 magnam
890 2198 905 2232 ,·
932 2191 1087 2233 eratque
1114 2183 1223 2221 valde
1248 2183 1430 2233 eloquens
1456 2191 1490 2220 et
1515 2182 1777 2233 pulcherrime
1802 2189 1962 2229 stature,

254 2252 383 2292 gentes
411 2257 613 2280 armorum
639 2251 865 2280 sustentans
893 2251 926 2280 et
954 2242 1126 2291 diligens
1153 2251 1187 2280 et
1214 2251 1389 2280 cantores
1417 2250 1531 2292 atque
1557 2242 1659 2280 alios
1688 2241 1872 2279 musicos.
1905 2240 1963 2279 De

252 2302 573 2352 pulchritudine,
606 2317 706 2340 Voce
740 2302 847 2340 clara
879 2310 920 2340 et
951 2301 1100 2352 peritia
1132 2301 1311 2340 musicae
1347 2302 1563 2339 Urbanum
1599 2302 1653 2339 IV
1698 2300 1964 2340 commendat

254 2362 527 2400 Theodericus
562 2361 850 2409 Valliscoloris,
868 2361 980 2412 apud
1014 2361 1211 2412 Papirum
1246 2362 1484 2399 Massonum
1515 2361 1558 2399 in
1589 2360 1693 2398 libro
1728 2360 1874 2410 quinto
1904 2360 1964 2397 De

253 2421 450 2471 episcopis
481 2421 601 2459 Urbis
626 2437 633 2458 z

524 2504 723 2541 Venustus
757 2503 873 2553 facie,
911 2504 1018 2542 clara
1054 2518 1202 2554 quoque
1238 2518 1336 2551 voce,
1374 2503 1525 2553 peritus

627 2563 772 2610 Cantu,
792 2577 904 2613 quem
923 2571 1079 2612 gratum
1097 2563 1250 2601 musica
1267 2577 1412 2612 ‹Jooeque
1430 2562 1546 2601 dedit.

312 2656 354 2693 P.
378 2656 467 2702 518,
489 2655 555 2705 lig.
578 2656 640 2694 20.
664 2656 783 2693 SATIS
811 2671 987 2693 BREVEM
1010 2671 1140 2694 INFIR.
1167 2656 1320 2694 Contra
1346 2655 1387 2693 in
1408 2655 1540 2694 veteri
1560 2655 1796 2693 narratione
1818 2653 1961 2692 mortis

258 2715 443 2763 ejusdem
457 2715 677 2753 Clementis
693 2715 804 2753 edita
818 2715 860 2752 in
873 2724 990 2753 tomo
1006 2723 1156 2765 quarto
1169 2714 1374 2753 Historiae
1403 2714 1685 2753 Universitatis
1699 2713 1961 2761 Parisiensis‚

257 2788 295 2822 p.
319 2774 408 2820 052,
431 2774 631 2823 scriptum
653 2782 714 2812 est
736 2774 851 2812 illum
873 2774 1019 2812 obiisse
1041 2782 1128 2824 post
1149 2775 1309 2823 longam
1330 2774 1504 2824 corporis
1527 2774 1813 2824 infirmitatem.

313 2833 355 2870 P.
376 2833 464 2880 518,
484 2832 549 2882 lig.
570 2833 631 2870 22.
656 2834 702 2870 ΙΝ
723 2848 924 2871 ECCLESIA
956 2848 1127 2871 MAJORI.
1150 2834 1200 2871 In
1217 2833 1381 2883 proprio
1399 2834 1479 2870 loco
1498 2833 1541 2870 in
1559 2847 1632 2883 quo
1653 2833 1689 2871 d.
1719 2832 1907 2870 Urbanus
1930 2832 1964 2868 V

258 2891 376 2928 etiam
399 2892 599 2941 depositus
620 2892 711 2941 fuit,
736 2892 911 2930 videlicet
935 2893 977 2930 in
1000 2893 1151 2942 capella
1184 2893 1218 2931 d.
1248 2893 1424 2930 Joannis
1444 2906 1548 2942 pape
1569 2892 1722 2939 XXII,
1745 2899 1792 2929 ut
1814 2890 1964 2940 legitur

308 3021 338 3052 ’1.
376 3021 411 3052 Β.
448 3020 504 3059 N.‚
538 3032 605 3054 ms.
633 3021 728 3053 latin
750 3021 845 3054 499]
866 3022 912 3062 Α,
936 3022 997 3054 fol.
1023 3023 1091 3054 100
1115 3027 1166 3055 VO.

310 3077 338 3105 2.
373 3073 401 3105 Il
431 3073 525 3106 ctait
555 3081 738 3117 pourtant
770 3075 902 3107 louclie
940 3074 997 3117 (N.
1030 3074 1169 3116 Valois,
1201 3080 1217 3107 t
1243 3087 1267 3114 1,
1299 3086 1333 3118 p.
1366 3074 1438 3117 81).

308 3127 338 3158 3.
369 3126 408 3159 Β.
440 3126 496 3165 Ν.,
527 3138 592 3159 ms.
617 3128 711 3159 latin
733 3127 827 3160 499]
849 3128 895 3167 Α,
917 3129 977 3161 fol.
1004 3129 1071 3161 100
1093 3132 1137 3161 ΓΟ.
