2083 3458
70 259 221 314 [1266]
588 276 805 301 PAPARUM
840 277 1225 304 AVENIONENSIUM
1678 266 1759 307 787

58 374 105 397 ne
124 359 166 397 in
184 358 270 396 suis
289 359 509 396 diocesibus
526 359 593 408 jus
611 360 839 397 alterutrius
858 361 1152 410 competitorum
1170 370 1239 400 aut
1255 362 1446 412 fulciatur
1465 371 1533 401 aut
1552 364 1754 413 refutetur,

58 418 282 468 missosque
305 418 356 455 ab
379 432 425 456 eo
448 433 531 456 esse
555 419 605 456 ad
628 427 851 469 utrumque
873 420 1115 470 pontificem
1136 422 1289 470 legatos
1315 422 1384 471 qui
1406 422 1585 461 rationes
1611 437 1749 461 omnes

58 492 195 517 earum
221 491 355 515 rerum
383 491 485 526 quae
512 478 551 514 in
577 479 898 516 controversiam
924 479 1348 530 disceptationemque
1375 481 1635 520 ducebantur
1660 497 1753 521 con-

59 537 265 587 quirerent
297 545 338 574 et
371 536 635 586 explicarent,
669 537 722 575 ad
758 538 971 576 Urbanum
1003 554 1123 588 porro
1156 540 1339 588 legatum
1372 555 1455 578 esse
1491 541 1754 579 Matthaeum

59 597 322 642 Clementem,
352 595 507 644 regium
537 596 825 643 consiliarium,
853 597 953 646 juris
983 598 1086 636 sacri
1115 598 1325 648 civilisque
1355 599 1664 649 peritissimum.
1697 601 1754 638 Ea

58 665 198 694 tamen
222 654 371 704 legatio
398 654 519 693 missa
545 670 625 692 non
651 664 712 693 est
736 670 844 693 anno
871 657 1211 704 MCCCLXXIX,
1237 666 1284 696 ut
1313 659 1480 708 putavit
1507 659 1658 706 Surita,
1685 660 1754 697 sed

58 714 257 765 sequenti.
286 714 418 763 Hujus
442 714 498 752 rei
525 722 670 752 testem
693 715 1059 765 locupletissimum
1083 717 1264 766 produco
1288 718 1479 755 eumdem
1506 718 1754 757 Rodericum

58 773 254 812 Bernardi
276 773 316 810 in
338 773 534 811 relatione
558 788 680 823 supra
702 774 892 821 laudata3
916 775 986 812 ubi
1008 790 1100 813 cum
1123 785 1356 814 enarrasset
1377 777 1583 826 quomodo
1606 778 1690 828 ipse
1713 787 1754 816 et

59 833 156 872 socii
182 832 244 871 sui
270 832 379 882 apud
409 832 662 870 Avenionem
685 833 1024 872 examinaverant
1050 843 1208 884 septem
1232 836 1471 890 cardinales,
1498 837 1641 874 additl
1670 853 1677 874 :
1706 838 1756 874 Et

59 892 346 931 ambasciatores
366 891 468 940 regis
489 892 692 940 Aragonie
711 901 798 942 post
817 907 885 942 per
899 907 938 930 se
957 893 1076 931 etiam
1092 894 1415 932 examinavermu
1430 904 1538 932 testes
1553 897 1597 933 de
1612 896 1755 946 quibus

58 952 115 989 eis
138 951 267 989 visum
289 951 381 1000 fuit.
405 951 479 988 Isti
505 951 636 1000 utique
659 952 949 989 ambasciatores
972 953 1075 1001 regis
1094 954 1310 1002 Aragonie,
1336 954 1402 1003 qui
1428 955 1618 992 debebant
1642 955 1698 992 ire
1721 963 1756 992 et

61 1011 212 1048 iverunt
228 1010 432 1048 nobiscum
446 1010 568 1047 simul
585 1010 626 1047 in
644 1011 755 1059 galea
770 1025 841 1060 que
854 1011 939 1060 jam
953 1012 1151 1061 spectabat
1168 1027 1237 1049 nos
1253 1014 1364 1062 apud
1377 1022 1534 1063 portum
1553 1014 1753 1061 lllarsilie,

59 1078 244 1108 venerunt
277 1069 319 1106 in
351 1070 429 1118 fine
461 1069 585 1107 madii
616 1071 668 1107 asl
695 1070 890 1107 civitatem
915 1071 1242 1117 Awenionensem,
1268 1080 1302 1109 et
1334 1072 1570 1110 intrswimus
1602 1074 1754 1122 galeam

60 1144 176 1179 quam
194 1137 317 1167 vestra
335 1129 524 1166 serenitas
544 1129 657 1165 nobis
676 1129 835 1166 miserat
854 1129 896 1166 in
914 1130 1116 1179 principio
1133 1131 1243 1179 junii
1262 1131 1362 1168 anni
1381 1132 1587 1181 presentis,
1606 1133 1754 1170 scilicet

57 1188 222 1226 Domini
248 1187 455 1225 millesimo
478 1188 740 1225 trecentesimo
763 1189 1037 1237 octuagesimo,
1063 1197 1096 1226 et
1118 1189 1354 1227 accessimus
1378 1192 1429 1228 ad
1453 1191 1587 1228 urbem
1610 1192 1752 1229 Roma-

60 1262 153 1286 nam
178 1248 265 1284 XX
290 1247 352 1285 die
377 1247 471 1284 dicti
499 1247 645 1284 mensis
668 1247 779 1296 junii
805 1256 894 1285 ante
922 1249 1136 1295 meridiem,
1164 1257 1198 1286 et
1226 1249 1499 1299 applicuimus
1526 1265 1614 1288 cum
1642 1252 1754 1299 galea

59 1321 179 1357 prope
202 1307 389 1344 Sanctum
411 1307 586 1343 Paulum
606 1321 675 1356 per
696 1306 865 1356 fluvium
886 1307 1038 1353 Tiberi3
1054 1309 1121 1345 sed
1134 1308 1268 1345 statim
1286 1309 1574 1346 ambaatiatores
1588 1310 1753 1359 predicti

59 1366 161 1415 regis
188 1365 394 1415 Aragonie
424 1365 625 1403 exiverunt
655 1367 699 1403 de
730 1366 853 1414 galea,
886 1374 919 1403 et
948 1367 1161 1416 pezlitando
1192 1367 1344 1405 iverunt
1374 1382 1507 1405 versus
1541 1369 1687 1413 urbem,
1721 1377 1754 1406 et

60 1426 282 1463 habuerant
305 1425 523 1475 hospitium
547 1425 589 1462 in
614 1426 707 1462 urbe
736 1425 869 1463 statim
891 1440 960 1475 per
982 1440 1033 1464 se.
1061 1426 1114 1464 Et
1137 1426 1241 1465 infra
1264 1426 1279 1449 2
1303 1443 1310 1464 z
1336 1427 1430 1464 Post
1450 1427 1524 1464 ista
1549 1427 1591 1464 in
1613 1428 1754 1475 vigilia

64 1485 164 1522 beati
193 1484 392 1522 -Jolzannis
416 1484 600 1534 Baptiste
624 1485 786 1533 suerunt
811 1485 1035 1533 congregati
1062 1486 1195 1535 plures
1220 1486 1361 1535 prelati
1388 1495 1420 1524 et
1447 1487 1596 1524 nobiles
1620 1487 1695 1524 wiri
1721 1495 1755 1524 et

60 1544 188 1594 aliqui
213 1545 256 1581 de
278 1543 461 1593 partibus
490 1543 666 1592 Ungarie
689 1551 723 1580 et
746 1544 973 1591 Alamanie,
999 1545 1065 1593 qui
1089 1553 1182 1582 tunc
1203 1553 1313 1582 erant
1335 1546 1468 1592 Rome,
1495 1545 1537 1582 in
1558 1546 1754 1595 presentia

63 1603 155 1641 dicti
170 1602 293 1653 primi
323 1602 443 1649 electi,
459 1602 706 1652 presentibus
722 1602 866 1640 ibidem
880 1603 1221 1641 ambam'atorihus
1236 1604 1338 1653 regis
1354 1604 1555 1653 Aragonie
1570 1605 1751 1654 predicti3

62 1662 128 1712 qui
161 1670 345 1700 vocantur
367 1662 552 1699 dominus
581 1662 815 1700 Guillelmus
839 1663 882 1699 de
910 1663 1103 1701 I'allesz‘ca
1125 1671 1158 1700 et
1180 1664 1365 1701 dominus
1386 1665 1527 1701 Petrus
1550 1665 1752 1711 Pecacam,

62 1722 229 1759 doctores
254 1721 359 1770 juris
386 1721 516 1759 civilis
543 1729 576 1758 et
603 1721 797 1760 canonici.
820 1722 939 1759 Nulla
967 1721 1087 1760 isthic
1116 1722 1270 1761 mentio
1295 1723 1495 1760 Matthaei
1521 1723 1751 1761 Clementis.

63 1780 190 1818 Addit
206 1779 221 1802 3
243 1788 385 1830 postea
412 1780 632 1818 Roderieus
657 1780 826 1818 fratrem
851 1781 1111 1819 Fernandum
1135 1781 1407 1820 confessorem
1429 1781 1530 1831 regis
1555 1783 1752 1820 Castellae

61 1848 102 1877 et
128 1840 329 1877 Didacum
353 1839 534 1878 Gomecii
556 1839 853 1878 bacliallarium
876 1840 917 1877 in
941 1841 1113 1878 decretis
1137 1841 1256 1878 ivisse
1280 1841 1400 1879 simul
1425 1841 1638 1891 Neapolim
1661 1855 1753 1879 cum

61 1899 203 1948 legatis
226 1899 328 1948 regis
353 1899 609 1948 Arragonum
632 1907 672 1937 et
694 1898 787 1937 inde
811 1900 1022 1947 Aversam,
1046 1899 1113 1937 ubi
1135 1908 1244 1937 erant
1266 1901 1341 1937 duo
1361 1900 1512 1937 domini
1535 1900 1754 1938 cardinales

69 1949 228 2005 Ytalici‚
256 1966 304 1995 ut
331 1973 397 1996 eos
426 1958 726 2007 interrogarent
753 1973 874 2008 super
902 1958 1052 2007 origine
1081 1959 1326 2006 schismatis,
1354 1959 1517 1997 rediisse
1546 1968 1684 1997 autem
1713 1959 1754 1997 in

66 2017 143 2055 fine
165 2016 313 2055 mensis
333 2017 509 2066 augusti,
527 2017 681 2066 legatos
702 2032 821 2067 porro
838 2017 889 2054 ad
904 2032 1039 2067 regem
1055 2018 1253 2056 Castellae
1270 2018 1497 2056 destinatos
1516 2018 1567 2055 ab
1589 2018 1753 2056 Urbano

62 2076 278 2126 expetiisse
308 2085 355 2114 ut
381 2076 435 2114 eis
465 2076 603 2114 liceret
631 2076 686 2114 ire
715 2076 757 2114 in
789 2076 1032 2126 Hispaniam
1055 2077 1095 2114 in
1125 2077 1288 2115 trireme
1319 2091 1423 2126 quae
1445 2077 1598 2126 legatos
1626 2077 1754 2126 regios

63 2144 274 2174 revectura
287 2144 388 2183 erat,
407 2135 529 2185 idque
544 2136 714 2174 tandem
731 2135 968 2188 obtinuisse,
985 2136 1362 2174 contradicentibus
1380 2136 1474 2174 licet
1488 2136 1630 2185 legatis
1651 2136 1751 2185 regis

62 2195 319 2244 Arragonum
349 2211 355 2232 :
385 2194 466 2232 Et⁴¹
492 2209 537 2232 ea:
571 2194 654 2232 alia
680 2203 790 2244 parte
825 2195 1004 2232 videbam
1031 2196 1133 2244 quod
1159 2210 1237 2232 non
1268 2196 1364 2233 bono
1390 2196 1467 2232 zelo
1498 2195 1557 2232 illi
1601 2194 1754 2233 domini

59 2254 260 2303 Aragonie
293 2255 544 2291 movebantur
574 2255 626 2291 ad
658 2254 953 2304 impediendum
984 2255 1193 2292 adventum
1227 2254 1405 2304 ipsorum
1436 2254 1753 2292 ambasciatorum

59 2327 152 2363 quos
179 2313 334 2364 primus
368 2314 507 2351 electus
535 2313 708 2350 mittebat
734 2314 785 2351 ad
820 2313 1058 2362 presentiam
1084 2322 1260 2352 vestram.
1292 2313 1475 2363 Denique
1511 2313 1751 2351 relationem

57 2386 175 2410 suam
197 2372 255 2410 ita
279 2372 515 2411 concludit⁵
540 2388 548 2410 2
577 2372 634 2409 Iis
656 2372 713 2409 sic
735 2372 967 2422 preliabitis,
991 2380 1141 2422 recepta
1164 2372 1335 2419 licentia,
1359 2372 1456 2410 abii.
1475 2372 1525 2409 Et
1546 2372 1747 2409 ambazia·

57 2439 154 2469 tores
184 2431 286 2480 regis
316 2431 518 2480 Aragonie
548 2431 711 2480 predicti
742 2439 776 2468 et
805 2431 1093 2469 ambassiatores
1122 2431 1296 2480 ejusdem
1326 2431 1448 2480 primi
1484 2430 1590 2468 electi
1620 2439 1655 2468 et
1683 2445 1751 2479 ego

58 2490 294 2528 intravimus
317 2491 469 2539 galeam
490 2491 601 2540 apud
620 2498 778 2540 portum
799 2490 938 2527 Hostie
959 2498 1092 2527 octava
1113 2490 1175 2527 die
1195 2490 1438 2540 septembris,
1462 2498 1495 2527 et
1515 2489 1750 2527 accessimus

56 2550 108 2587 ad
149 2549 344 2587 civitatem
366 2549 729 2587 Barcliinonensem
752 2549 933 2586 XXVII
956 2549 1018 2586 die
1041 2549 1134 2586 dicti
1160 2549 1306 2586 mensis
1329 2557 1415 2598 post
1437 2548 1532 2586 solis
1556 2562 1749 2595 occasum,

58 2608 126 2645 ubi
147 2608 407 2658 requ'evimus
428 2622 560 2645 omnes
579 2621 648 2658 per
667 2609 710 2645 X
729 2608 824 2646 dies.
847 2608 897 2645 Et
922 2608 1211 2645 ambasciatores
1232 2607 1355 2658 primi
1375 2607 1481 2645 electi
1500 2608 1663 2656 fuerunt
1690 2607 1749 2645 hii

55 2667 264 2717 episcopus
295 2666 540 2704 Faventinus
573 2666 639 2716 qui
670 2667 815 2704 dicitur
845 2667 1031 2704 dominus
1062 2667 1315 2713 Franciscus,
1345 2674 1378 2704 et
1407 2666 1515 2704 alius
1545 2667 1673 2703 doctor
1703 2667 1747 2704 de

56 2726 198 2773 Pavia,
230 2726 296 2775 qui
327 2727 551 2775 appellatur
580 2726 835 2773 Franciscus,
866 2733 899 2763 et
929 2725 1036 2763 alius
1065 2727 1192 2763 doctor
1222 2725 1419 2774 Anglicus
1449 2725 1515 2775 qui
1546 2725 1746 2762 dicebatur

59 2785 273 2823 Johannes.
293 2785 343 2822 Et
361 2784 431 2822 iste
448 2784 636 2822 remansit
652 2785 763 2834 apud
779 2798 906 2833 regem
923 2783 1143 2833 Aragonie:
1164 2784 1257 2834 quia
1273 2784 1462 2822 serenitas
1480 2792 1605 2822 vestra
1623 2784 1749 2822 noluit

104 2931 137 2964 1.
167 2931 207 2964 Β.
236 2930 293 2969 Ν.,
320 2941 387 2962 ms.
413 2929 509 2962 latin
532 2930 664 2969 11745,
690 2930 752 2962 fol.
779 2930 823 2964 18
843 2934 891 2963 >r0.

168 2984 324 3022 Ibidem,
356 2983 418 3015 fol.
450 2983 495 3016 18
526 2987 578 3015 v0.
712 2992 717 2998 ·
762 3009 764 3012 .

168 3037 322 3075 Ibidem,
354 3036 416 3068 fol.
449 3036 493 3068 19
525 3040 575 3068 v0.

168 3089 321 3128 Ibidem,
353 3088 415 3122 fol.
448 3089 492 3121 19
523 3093 574 3121 v0.

168 3143 321 3182 Ibidem,
354 3141 416 3174 fol.
450 3142 493 3174 20
524 3146 574 3174 νο.

103 2985 137 3177 ΕΠΡΕΨΞΨ
