2083 3458
47 240 199 297 [1302]
566 259 782 285 PAPARUM
817 260 1201 286 AVENIONENsmM
1649 248 1735 289 819

91 340 187 379 Jam
209 354 331 390 supra
354 355 394 390 p.
419 340 495 378 900
521 341 755 380 monuimus
778 350 943 391 gentem
966 342 1013 379 de
1040 343 1161 381 Croso
1186 343 1388 393 pertinere
1406 344 1458 381 ad
1481 345 1731 392 Lemovices,

35 412 127 437 eam
152 397 347 437 nimirum
373 414 423 437 ex
450 414 530 449 qua
557 399 633 438 iste
660 408 701 438 et
727 400 951 450 superiores
980 401 1060 438 duo
1087 402 1312 440 cardinales
1347 403 1546 452 prodiere.
1576 405 1649 451 Ea,
1684 412 1732 442 ut

35 457 207 507 planum
240 458 287 495 fit
316 473 366 496 ex
395 466 650 497 testamento
680 459 797 497 istius
825 459 1057 506 cardinalis,
1088 461 1225 499 sedem
1244 462 1426 500 habebat
1455 462 1496 499 in
1518 463 1731 513 parrochia

38 516 178 554 Sancti
204 516 414 568 Exuperii,
440 518 562 567 vulgo
588 518 898 568 Saint-Supery,
915 518 956 556 in
983 519 1131 557 finibus
1152 520 1431 559 Lemovicum.
1449 522 1525 559 Sed
1542 522 1734 572 quamvis

36 574 114 612 ista
141 583 251 613 certo
278 575 469 623 sciamus,
495 577 630 615 adhuc
655 585 798 615 tamen
822 577 863 615 in
890 578 1062 616 obscuro
1087 587 1148 616 est
1174 579 1284 617 locus
1312 580 1474 629 originis
1501 595 1654 620 eorum.
1686 581 1732 618 In

36 633 256 684 epitaphiis
270 635 282 657 ¹
304 635 420 673 istius
444 636 554 673 Petri
572 644 613 674 et
635 637 805 674 „Ioannis
827 636 962 674 fratris
983 637 1069 686 ejus
1083 637 1333 678 adnotatum
1349 647 1410 676 est
1432 639 1623 678 oriundos
1644 640 1730 678 illos

38 693 158 731 fuisse
181 708 200 731 6
223 694 310 732 loco
334 694 382 732 de
405 695 679 741 Calimaforti3
704 709 826 745 quem
848 696 983 735 locum
1005 696 1075 733 diu
1094 696 1326 746 quaesitum
1351 698 1536 738 nondum
1550 699 1734 737 invenire·

37 752 155 802 potui
174 752 215 790 in
232 753 447 803 parrochia
468 754 607 792 Sancti
629 754 837 804 Exuperii.
858 754 1041 792 Tandem
1064 755 1111 793 R.
1133 756 1176 793 P.
1195 756 1488 795 Bonaventura
1509 772 1530 795 a
1551 758 1589 796 S.
1613 759 1731 796 Ama-

37 811 109 848 bili
140 812 357 851 Carmelita
388 813 661 860 excalceatus,
692 813 762 863 qui
800 828 929 864 nuper
966 814 1045 851 tria
1076 828 1223 864 magna
1264 816 1474 853 volumina
1516 817 1645 855 edidit
1684 817 1731 855 de

1 888 5 891 ·
38 870 220 908 Historia
245 871 373 909 sancti
401 872 623 918 Martialis,
653 872 793 910 docuit
820 880 850 911 t.
878 887 934 919 111,
961 888 1000 923 p.
1030 873 1119 920 636,
1147 874 1255 912 hunc
1282 875 1417 912 locum
1444 891 1527 913 esse
1557 875 1634 914 illic
1662 875 1733 913 ubi

39 929 167 968 oritur
197 931 318 968 Crosa
350 931 513 978 fluvius,
542 939 582 968 et
608 931 728 969 hodie
752 931 890 969 vocari
920 931 1133 981 Calmefort
1153 933 1274 982 longo
1295 942 1436 973 tamen
1464 934 1680 972 intervallo
1709 949 1731 972 a

37 989 252 1039 parrochia
282 989 422 1027 Sancti
452 990 659 1040 Exuperii.
690 991 822 1038 Quare
851 991 970 1029 valde
999 991 1146 1029 dubius
1175 1006 1267 1029 sum
1294 1006 1346 1029 an
1374 993 1466 1031 huic
1499 993 1735 1034 testimonio-

43 1048 166 1088 fidem
191 1048 384 1087 adhihere
412 1049 598 1087 debeam.
628 1049 786 1099 Quippe
814 1049 1033 1099 proclivius
1060 1058 1166 1088 esset
1192 1047 1425 1089 existimare
1453 1052 1587 1090 locum
1614 1052 1732 1091 hodie

41 1115 233 1145 vocatum
257 1108 301 1145 de
324 1108 360 1145 la
384 1108 527 1155 Chaul,
551 1107 620 1158 qui
643 1108 744 1146 situs
767 1117 829 1146 est
852 1108 893 1156 in
914 1109 1127 1158 parrochia
1152 1110 1291 1148 Sancti
1309 1111 1516 1161 Exuperii,
1535 1112 1733 1161 pertinuit

39 1174 179 1204 autem
198 1166 294 1206 olim
310 1167 362 1204 ad
380 1175 544 1217 gentem
560 1168 608 1205 de
626 1168 764 1214 Croso,
777 1168 968 1206 eumdem
980 1168 1115 1208 locum
1132 1184 1215 1206 esse
1230 1169 1299 1218 qui
1317 1169 1357 1206 in
1373 1170 1593 1220 epitaphiis
1611 1185 1732 1221 supra

40 1226 370 1265 commemoratis
404 1235 578 1264 vocatur
611 1227 658 1265 (16
693 1226 962 1265 Calimaforti.
999 1227 1186 1277 Namque
1232 1228 1480 1278 Delphinam
1522 1230 1568 1267 de
1612 1231 1733 1268 Croso

41 1284 163 1323 fuisse
179 1284 391 1324 dominam
405 1285 482 1324 loci
499 1286 546 1324 de
566 1286 603 1322 13
621 1286 749 1323 Chaul
764 1285 919 1336 reperio
935 1286 976 1323 in
991 1286 1120 1325 veteri
1134 1286 1409 1325 instrumento
1425 1288 1610 1326 confecto
1627 1304 1738 1326 anno

42 1343 318 1391 MCCCXLII,
346 1344 409 1382 die
444 1360 532 1382 xxn
566 1344 745 1394 augusti,
774 1359 824 1383 ex
855 1359 935 1395 quo
963 1353 1126 1383 constat
1153 1346 1342 1386 Carolum
1371 1347 1564 1387 comitem
1589 1348 1733 1386 Vente-

42 1403 285 1441 dornensem
326 1403 517 1442 fundasse
562 1419 683 1442 unam
723 1404 914 1441 vicariam
946 1413 1130 1454 perpetuo
1171 1406 1461 1443 deserviendam
1496 1406 1537 1443 in
1577 1407 1737 1444 ecc-lesia

42 1462 180 1500 Sancti
208 1463 376 1512 Emperii
404 1471 438 1500 et
467 1463 510 1500 in
538 1463 655 1500 altari
680 1463 723 1500 de
752 1464 789 1500 la
813 1463 956 1510 Chaul,
980 1464 1081 1513 qaod
1103 1478 1183 1501 esse
1204 1464 1349 1502 solebat
1374 1465 1415 1502 ιῖη
1441 1466 1540 1503 (licta
1563 1466 1734 1504 ecclesia.

43 1521 182 1560 Altare
207 1536 327 1571 porro
353 1522 401 1560 de
427 1522 464 1560 13
492 1522 619 1560 Chaul
644 1522 744 1559 illud
770 1522 904 1572 ipsum
929 1537 1013 1560 esse
1039 1523 1233 1561 sacellum
1258 1523 1298 1560 in
1332 1538 1411 1573 quo
1437 1525 1617 1574 sepultos
1652 1540 1738 1564 6556

42 1580 320 1630 progenitores
342 1595 434 1619 suos
456 1589 637 1619 testatur
657 1581 721 1619 hic
743 1589 881 1619 noster
902 1582 1118 1620 cardinalis
1140 1582 1181 1620 in
1201 1597 1273 1620 suo
1294 1591 1546 1621 testamento
1562 1584 1739 1622 arbitror

42 1639 195 1689 ambigi
214 1654 296 1677 non
314 1655 445 1690 posse.
469 1640 633 1678 Etenim
654 1640 694 1677 in
714 1640 843 1678 veteri
862 1640 929 1678 illo
950 1640 1225 1679 instrumento
1246 1642 1477 1680 decernitur
1495 1651 1542 1680 ut
1562 1643 1736 1681 vicarius

43 1699 227 1748 ejusdem
264 1699 438 1737 vicariae
475 1699 600 1737 faciat
635 1700 922 1737 absolutionem
958 1709 1197 1738 mortuorum
1230 1716 1350 1751 super
1383 1702 1586 1748 sepultura
1621 1704 1664 1739 sle
1700 1703 1739 1740 lav

44 1757 186 1805 Chaul,
206 1757 247 1795 id
267 1766 342 1805 est,
364 1773 484 1809 super
504 1758 696 1809 sepulcris
719 1758 848 1809 gentis
871 1759 918 1797 (16
937 1760 1093 1806 Crosso,
1115 1774 1218 1809 quae
1240 1760 1318 1797 illic
1338 1760 1566 1799 etiamnum
1598 1769 1736 1799 extare

44 1831 173 1867 nuper
196 1825 453 1868 compertum
478 1826 553 1856 est.
581 1818 687 1857 Nam
712 1832 805 1856 cum
829 1833 901 1867 ego
926 1832 1034 1856 anno
1060 1817 1248 1857 MDCXC
1274 1819 1487 1858 dominum
1520 1820 1739 1870 Rigaldum.

44 1876 258 1916 Caesarem
281 1866 513 1915 Puteanum
534 1891 557 1914 a
580 1877 730 1915 Sancto
751 1877 999 1927 Pardulpho,
1016 1878 1138 1927 vulgo
1155 1879 1206 1915 du
1228 1879 1319 1928 Puy
1337 1879 1380 1915 de
1401 1879 1738 1927 Salat-Panloux,

44 1935 446 1985 archipresbyterum
471 1935 611 1974 Sancti
639 1935 830 1986 Exuperii
854 1951 1056 1986 rogassem
1082 1945 1129 1974 ut
1153 1937 1336 1987 sepulcra
1362 1937 1429 1975 illa
1454 1947 1682 1987 quaereret,
1706 1938 1738 1976 is

45 1994 96 2032 ad
117 2008 179 2034 me
207 2003 349 2045 postea
377 1995 584 2045 rescripsit
611 2010 656 2033 ea
684 2003 846 2045 reperta
874 1995 995 2034 fuisse
1024 1995 1064 2033 in
1092 1996 1239 2034 sacello
1260 1996 1342 2043 illo,
1361 2005 1402 2035 et
1425 1997 1464 2034 in
1490 1997 1535 2034 iis
1564 1997 1741 2035 eminere

44 2054 178 2092 adhuc
203 2054 364 2104 sculpta
390 2054 430 2092 in
454 2054 588 2104 lapide
613 2054 757 2092 eadem
781 2054 953 2104 insignia
979 2069 1083 2104 quae
1108 2054 1245 2093 cuncti
1269 2055 1404 2093 sciunt
1428 2055 1549 2094 fuisse
1574 2056 1737 2106 propria

44 2112 149 2150 illius
182 2112 326 2163 gentis.
363 2113 476 2152 Idem
506 2121 648 2163 postea
689 2114 883 2152 sacellum
915 2113 1028 2161 illud,
1058 2114 1212 2164 partim
1243 2114 1337 2163 quia
1368 2123 1577 2153 vetustate
1609 2115 1738 2153 defor-

45 2180 206 2209 matum
229 2180 332 2219 erat,
357 2172 509 2222 partim
535 2172 629 2222 quia
656 2173 778 2210 choro
803 2172 993 2215 ecclesiae
1018 2172 1371 2220 incommodabat,
1397 2174 1445 2212 de
1470 2174 1641 2224 pecunia
1667 2188 1741 2212 sua

45 2230 327 2270 reaedificavit
348 2245 456 2269 anno
480 2231 706 2278 MDCXCL
731 2240 771 2269 et
793 2231 833 2269 in
856 2231 954 2269 illud
974 2231 1190 2269 transtulit
1206 2232 1350 2271 eadem
1368 2233 1568 2282 sepulcra,
1588 2248 1635 2270 ne
1660 2248 1739 2271 me-

45 2289 174 2329 moria
199 2289 330 2339 gentis
355 2290 600 2329 clarissimae
627 2290 812 2328 interiret
836 2290 877 2327 in
902 2290 948 2328 iis
972 2290 1084 2329 locis.
1110 2291 1298 2329 Ceterum
1325 2291 1448 2329 castri
1472 2292 1519 2329 de
1544 2292 1581 2329 la
1599 2292 1743 2338 Chaul,

47 2349 157 2399 quod
194 2349 312 2387 hodie
349 2349 529 2399 pertinet
565 2350 618 2386 ad
655 2350 801 2388 ducem
838 2350 1229 2396 Ventedornensem,
1265 2349 1364 2387 nihil
1400 2350 1519 2388 hodie
1557 2359 1743 2401 superest

46 2416 208 2458 praeter
235 2415 392 2446 veteres
423 2408 624 2458 quasdam
652 2408 843 2458 reliquias
872 2416 913 2447 et
943 2408 1087 2447 turrim
1117 2409 1365 2458 quadratam
1393 2409 1571 2447 multum
1597 2410 1739 2448 altam.

101 2468 244 2505 Petrus
268 2467 342 2504 iste
366 2467 444 2504 fuit
466 2467 597 2518 primo
620 2468 843 2506 monachus
868 2467 1018 2505 ordinis
1041 2467 1173 2505 sancti
1193 2467 1406 2506 Benedicti
1427 2467 1467 2505 in
1493 2469 1745 2506 monasterio-

48 2525 188 2564 Sancti
214 2526 412 2564 Martialis
439 2526 753 2573 Lemoviccnsis‚
779 2534 922 2576 postea
946 2526 1204 2577 praepositus
1231 2526 1279 2564 de
1304 2527 1496 2573 Rossaco,
1514 2527 1741 2565 cellerarius

50 2584 252 2623 Ecclesiae
284 2585 525 2629 Tutelensis,
550 2584 660 2635 prior
684 2585 732 2623 de
755 2585 876 2622 Volta
905 2585 947 2622 in
971 2584 1143 2623 dioecesi
1165 2584 1305 2623 Sancti
1325 2585 1445 2632 Flori,
1466 2585 1621 2623 abbas²
1650 2587 1742 2624 Tre-

48 2643 293 2682 norchianus
316 2644 368 2681 ab
386 2658 494 2681 anno
516 2644 708 2682 MCCCLI
730 2658 858 2693 usque
880 2644 932 2682 ad
951 2657 1106 2681 annum
1127 2643 1365 2682 MCCCLXI
1383 2643 1412 2691 ³,
1431 2658 1511 2694 quo
1529 2644 1663 2683 factus
1681 2653 1743 2683 est

49 2703 261 2753 episcopus
284 2702 424 2740 Sancti
446 2703 604 2752 papuli.
623 2703 834 2741 Assentior
854 2702 962 2741 enim
982 2702 1260 2742 eruditissimo
1280 2702 1368 2740 viro
1388 2703 1509 2741 Petro
1528 2703 1742 2742 Francisco

50 2761 254 2801 Chiss'letio
293 2761 473 2799 censenti
509 2762 728 2801 turbatum
764 2776 848 2799 esse
887 2760 1070 2799 ordinem
1107 2761 1391 2811 episcoporum
1422 2761 1561 2800 Sancti
1599 2762 1745 2812 Papuli

48 2821 89 2858 in
117 2819 295 2869 vulgatis
326 2820 534 2869 catalogis.
568 2821 666 2858 Inde
693 2820 919 2858 translatus
948 2828 1010 2858 est
1037 2834 1145 2857 anno
1175 2820 1449 2867 MCCCLXX,
1479 2835 1517 2858 v1
1557 2820 1611 2870 [8]
1653 2821 1742 2860 idus

57 2962 67 2968 “
98 2959 130 2991 1.
161 2958 201 2990 Β.
235 2957 292 2997 Ν.,
324 2969 390 2990 1115.
422 2958 560 2991 Baluze
590 2959 670 2998 211,
701 2959 764 2992 fol.
795 2959 865 2992 109
894 2964 938 2992 r0.

100 3012 131 3044 2.
164 3010 286 3044 Pierre
312 3011 356 3042 de
382 3010 469 3043 Cros
495 3011 554 3043 fut
578 3013 730 3045 nomme
755 3012 851 3046 abbe
877 3012 921 3045 de
947 3012 1119 3046 Tournus
1144 3013 1176 3045 16
1203 3013 1246 3045 20
1273 3013 1410 3047 sevrier
1434 3014 1528 3048 1348
1550 3014 1747 3057 (Albanas-

51 3063 258 3102 Chevalier,
293 3063 416 3097 Gallia
440 3064 643 3097 christiana
669 3065 882 3104 novissima,
910 3065 1029 3106 Arles,
1057 3077 1092 3099 n.
1121 3065 1244 3109 1643).

99 3118 132 3151 3.
163 3116 268 3150 Lisez
287 3116 318 3149 16
341 3117 383 3149 27
403 3117 527 3160 juillet
546 3118 639 3150 1362
664 3117 729 3160 (Ut
744 3129 787 3157 3.,
809 3129 843 3151 11.
865 3118 987 3159 1645).
