2083 3458
109 222 233 279 [783]
639 238 855 264 PAPARUM
890 238 1273 264 AVENiONENsmM
1717 219 1799 262 285

96 335 210 359 mum
237 321 285 360 de
311 320 469 369 Brocia,
497 321 672 359 electum
698 322 775 360 hoc
800 320 889 372 ipso
915 334 1023 359 anno
1049 320 1400 371 archiepiscopum
1426 320 1712 359 Senonensem.
1743 320 1798 358 At

96 379 340 431 Spondanus
360 387 469 418 recte
491 379 684 418 observat
704 380 852 419 diserte
873 379 1072 430 scriptum
1092 394 1176 418 esse
1197 379 1236 416 in
1259 378 1439 429 antiquis
1461 378 1669 417 Chronicis
1690 379 1797 416 hunc

95 439 270 478 electum
290 438 413 477 fuisse
435 438 604 477 Petrum
626 438 801 488 Rogerii,
823 453 951 488 eaque
972 438 1169 477 Chronica
1188 437 1264 477 sibi
1286 437 1448 476 Parisiis
1470 437 1653 476 exhibita
1676 437 1798 476 fuisse

95 497 154 536 ait
177 497 228 535 ab
253 497 416 536 Andrea
443 497 688 536 Duchesnio.
718 497 927 535 Habemus
947 511 1020 536 nos
1036 511 1133 548 prae
1151 496 1341 535 manibus
1365 497 1433 535 illa
1453 496 1545 547 'ipsa
1568 495 1765 535 Chronica
1785 497 1795 518 1

79 561 198 606 ‘quae
221 555 475 595 Duchesnius
497 556 678 594 ostendit
699 556 919 606 Spondano
940 556 991 594 ab
1011 556 1099 606 ipso
1122 555 1354 594 Duchesnio
1375 556 1579 606 descripta
1599 570 1649 594 ex
1669 556 1797 594 veteri

95 615 231 654 codice
254 614 502 661 Petavian03
532 614 574 652 in
597 628 677 664 quo
695 614 825 653 oratio
844 614 961 653 electi
981 614 1237 662 Senonensis,
1260 628 1364 664 quae
1385 614 1530 665 incipit
1548 614 1652 665 Quia
1675 614 1797 652 domi-

94 688 171 712 nus
204 674 346 711 Petrus
381 674 425 711 de
460 673 692 722 Cuigneriis
726 673 857 724 pridie
898 674 1149 723 proponendo
1194 681 1326 711 contra
1360 673 1578 712 Ecclesiam
1628 673 1796 711 Gallica-

95 747 188 771 nam
215 733 343 771 habet
371 733 477 771 hanc
506 732 815 782 inscriptionem
847 748 854 770 :
887 732 1113 782 Propositio
1142 733 1222 770 sive
1251 732 1453 782 responsio
1486 747 1555 783 per
1593 732 1798 770 dominum

93 792 256 830 Petrum
285 790 459 840 Rogerii,
490 791 753 829 Senonensem
783 792 954 838 electum,
984 791 1089 840 sacta
1119 806 1249 829 coram
1279 805 1364 840 rege
1395 806 1465 842 pro
1496 791 1658 842 prelatis
1689 791 1799 841 apucl

94 864 231 888 nemus
256 851 300 888 de
329 850 518 888 Vicennis
542 865 648 888 anno
670 849 837 888 Domini
855 849 1169 888 MCCCXXIX
1194 850 1255 888 (lie
1280 851 1429 888 veneris
1453 859 1542 888 ante
1560 851 1702 888 Natale
1728 864 1797 900 que

91 909 171 959 fuit
191 909 273 947 dies
293 909 434 947 XXII
454 909 600 947 mensis
622 909 845 948 decembris,
874 909 919 946 In
942 908 1078 947 codice
1101 923 1196 947 vero
1217 907 1322 946 1324
1342 909 1614 948 bibliothecae
1638 909 1797 947 Colber-

92 968 204 1007 tinae
223 968 237 991 ²
256 968 455 1019 scriptum
474 976 577 1018 esta
596 982 722 1006 manu
742 975 963 1007 coaetanea
982 967 1024 1005 in
1042 967 1159 1005 initio
1179 968 1296 1005 istius
1317 968 1511 1006 orationis
1534 984 1540 1006 :
1566 969 1641 1006 Iste
1660 969 1798 1006 electus

94 1027 345 1075 Senonensis,
379 1035 420 1065 ut
449 1027 600 1074 audivi,
630 1027 710 1076 fuit
738 1041 848 1078 papa
877 1026 1056 1065 Clemens
1092 1026 1163 1073 VI,
1190 1026 1301 1075 niger
1325 1023 1549 1065 monachus.
1582 1028 1796 1065 Praeterea

91 1086 322 1124 Bernardus
357 1086 404 1124 de
440 1086 647 1136 Rosergio,
680 1086 938 1136 praepositus
971 1086 1210 1133 Tolosanus,
1244 1085 1285 1123 in
1316 1086 1418 1124 libro
1449 1074 1797 1124 De‘ecclestasttca

93 1144 266 1183 libertate
293 1145 362 1195 qui
388 1153 576 1183 servatur
601 1145 643 1183 in
668 1145 918 1183 bibliotheca
945 1144 1054 1194 regia
1068 1144 1097 1192 3,
1124 1145 1183 1182 ita
1210 1145 1384 1194 scripsit,
1413 1145 1480 1183 fol.
1511 1144 1559 1183 79
1588 1161 1594 1183 :
1623 1145 1728 1194 Ergo
1753 1159 1799 1182 ecc

93 1204 269 1242 doctrina
286 1204 510 1253 evangelica
527 1212 562 1242 et
578 1204 751 1254 exemplo
771 1203 920 1242 Christi
939 1204 1131 1241 videretur
1148 1217 1216 1253 per
1230 1203 1506 1241 ecclesiasticos
1525 1204 1576 1241 ad
1594 1204 1798 1241 vitandum

91 1263 324 1301 scandalum
349 1263 540 1301 tributum
566 1263 667 1313 quod
691 1263 735 1301 de
760 1263 930 1313 presenti
955 1262 1101 1312 petitur
1125 1262 1274 1312 pariter
1299 1277 1378 1299 esse
1403 1263 1641 1301 solvendum.
1671 1263 1798 1312 Super

91 1321 160 1360 hoc
178 1336 302 1372 passu
321 1323 551 1360 reverendus
571 1322 755 1360 dominus
775 1322 916 1360 Petrus
936 1321 1098 1371 Rogerii
1118 1320 1438 1371 archiepiscopus
1458 1321 1796 1370 Roffiomagensis,

92 1395 222 1419 coram
241 1381 341 1419 clare
362 1381 543 1419 memorie
563 1381 721 1419 domino
742 1381 891 1419 Karolo
923 1381 1022 1431 [lege
1043 1380 1260 1430 Philippo]
1283 1388 1400 1428 sexto,
1423 1381 1668 1418 Francorum
1697 1394 1794 1429 rege,

91 1454 161 1490 pro
197 1439 372 1478 libertate
407 1440 666 1478 ecclesiastica
703 1448 794 1478 tunc
829 1454 1053 1490 proponens
1088 1439 1277 1477 Parisius
1312 1440 1563 1489 solempniter
1598 1439 1798 1489 respondit

90 1498 147 1537 sic
173 1498 365 1537 evidenter
393 1515 400 1537 :
430 1499 612 1537 Christus
635 1499 835 1537 Dominus
861 1499 975 1537 solvit
1001 1498 1192 1536 tributum
1219 1499 1271 1536 ad
1296 1499 1551 1549 prestandum
1578 1498 1797 1548 exemplum

90 1558 362 1596 ecclesiasticis
384 1566 426 1596 ut
445 1559 644 1606 solverent,
670 1558 748 1596 imo
769 1558 950 1608 probavit
971 1572 1033 1595 eos
1056 1572 1134 1595 non
1157 1557 1290 1605 teneri,
1315 1558 1575 1595 concludendo
1599 1558 1698 1607 quod
1721 1556 1797 1606 filii

89 1625 182 1654 sunt
202 1616 330 1666 liberi,
352 1625 428 1656 etc.
454 1617 566 1666 Quae
587 1625 684 1655 sunt
703 1617 905 1667 ipsissima
927 1617 1053 1657 verba
1075 1617 1192 1655 electi
1215 1616 1455 1655 Senonensis
1477 1616 1518 1654 in
1544 1616 1726 1654 oratione
1749 1616 1796 1653 de

91 1689 171 1726 qua
189 1675 277 1714 heic
296 1676 412 1715 nobis
431 1691 562 1715 sermo
582 1684 654 1715 est.
678 1677 782 1715 Sunt
800 1684 940 1714 tamen
958 1676 999 1714 in
1018 1676 1078 1714 his
1099 1676 1210 1714 Actis
1235 1676 1431 1713 nonnulla
1454 1690 1557 1725 quae
1587 1683 1797 1713 auctorem

89 1734 246 1773 habent
273 1735 442 1773 Petrum
467 1735 698 1783 Bertrandi,
721 1735 782 1773 uti
803 1734 884 1773 illic
910 1734 1057 1774 diserte
1082 1734 1281 1786 scriptum
1302 1742 1380 1779 est;
1405 1743 1446 1773 et
1474 1743 1686 1785 praeterea
1711 1733 1794 1784 ipse

90 1792 235 1833 Petrus
267 1794 486 1833 Bertrandi
514 1794 556 1832 in
581 1795 737 1833 lectura
773 1809 893 1845 super
928 1802 1091 1833 sextum
1120 1794 1272 1832 librum
1304 1793 1569 1831 Decretalium
1606 1801 1645 1831 et
1677 1807 1796 1843 super

90 1852 397 1891 Constitutiones
420 1853 637 1892 Clementis
661 1853 695 1891 V
718 1862 759 1892 et
783 1852 953 1892 Joannis
978 1853 1106 1891 XXII
1127 1853 1269 1903 (quam
1296 1853 1525 1903 composuit
1549 1851 1797 1903 pontificatu

88 1911 301 1950 Benedicti
342 1912 443 1962 XII)
485 1913 626 1951 scribit
641 1912 658 1935 4
694 1912 736 1951 in
775 1913 893 1951 initio
942 1927 982 1951 se
1026 1912 1252 1951 decrevisse
1295 1912 1491 1950 nonnulla
1534 1911 1706 1950 scribere
1748 1911 1795 1948 de

89 1978 298 2020 potestate
316 1972 534 2022 temporali
554 1980 595 2010 et
614 1972 830 2023 spirituali,
853 1972 999 2022 quibus
1019 1972 1173 2021 regitur
1192 1971 1387 2022 populus3
1410 1979 1451 2008 ut
1468 1971 1504 2008 si
1525 1970 1567 2008 in
1586 1978 1795 2020 posterum,

87 2029 237 2079 inquit,
260 2029 396 2081 aliqua
416 2031 613 2069 altem-atio
635 2031 798 2078 oriatur,
821 2031 922 2069 sicut
943 2030 1184 2081 temporibus
1206 2031 1315 2077 meis,
1339 2031 1432 2067 dum
1462 2044 1567 2067 eram
1589 2029 1797 2078 episcopus

89 2088 302 2137 Eduensis,
326 2097 409 2127 orta
430 2089 508 2139 suit
533 2090 575 2128 in
598 2104 715 2139 regno
738 2090 921 2137 Francie,
945 2089 1070 2140 possit
1093 2090 1233 2127 veritas
1257 2089 1403 2127 clarius
1430 2102 1620 2138 apparere
1651 2095 1684 2124 et
1718 2087 1796 2135 dej-

88 2146 198 2196 fendi
226 2161 238 2185 .·
265 2163 433 2198 quarum
458 2157 691 2199 potestatum
717 2149 933 2197 materiam,
962 2149 1110 2186 additis
1135 2148 1351 2198 aliquibus,
1378 2147 1534 2197 sumpsi
1561 2162 1605 2184 ei*
1631 2147 1796 2196 quodam

91 2205 220 2244 libello
239 2221 350 2257 quem
368 2222 488 2257 super
507 2208 575 2246 hoc
594 2208 812 2258 composuit
834 2208 928 2245 bone
948 2207 1129 2245 memorie
1149 2207 1333 2245 dominus
1349 2207 1569 2244 Duranslus
1590 2206 1632 2242 [le
1654 2206 1795 2242 Sancto

90 2265 280 2303 Portiano
312 2266 465 2304 ordinis
497 2267 806 2314 Predicatorum,
839 2267 1025 2304 excellens
1058 2267 1243 2316 magister
1276 2266 1319 2303 in
1350 2265 1553 2314 theologia,
1587 2264 1795 2313 episcopus

91 2323 327 2373 Melitensis,
349 2340 460 2375 quem
481 2325 659 2363 libellum
681 2325 899 2364 intitulavit
919 2326 963 2364 de
984 2325 1138 2375 origine
1157 2325 1482 2375 jurisdictionum
1504 2323 1647 2373 quibus
1669 2336 1792 2371 popu-

90 2383 152 2420 lus
168 2383 326 2432 regitur.
347 2385 401 2422 Et
417 2384 458 2422 in
478 2385 556 2423 fine
574 2385 633 2423 ait
651 2400 658 2422 :
680 2385 782 2422 Istas
799 2385 970 2422 rationes
985 2384 1177 2435 proposui
1193 2398 1261 2433 ego
1278 2397 1406 2421 coram
1423 2383 1580 2420 domino
1597 2395 1681 2430 rege
1698 2380 1793 2417 Phi-

91 2441 202 2492 lippo
226 2443 293 2492 qui
317 2457 422 2481 nunc
444 2451 498 2481 est
522 2443 565 2481 in
589 2443 659 2481 illa
681 2443 949 2494 prosecutione
973 2458 1090 2493 quam
1113 2442 1252 2481 habuit
1274 2442 1450 2480 Ecclesia
1480 2440 1699 2487 Gallicana,
1725 2453 1794 2489 que

91 2514 160 2550 per
175 2501 253 2538 Dei
276 2502 445 2550 gratiam
464 2502 544 2551 fuit
562 2502 694 2553 sopita
713 2502 799 2540 sine
819 2502 1017 2542 scandalo.

143 2559 262 2598 Anno
282 2560 573 2599 MCCCXXXI
592 2562 726 2599 factus
746 2569 807 2600 est
825 2561 1040 2612 presbyter
1059 2560 1275 2599 cardinalis
1294 2559 1406 2597 tituli
1422 2557 1559 2596 Sancti
1575 2556 1792 2595 Clementis

91 2631 114 2655 a
146 2618 305 2657 Joanne
336 2619 465 2657 XXII
495 2619 733 2659 interventu
771 2634 939 2671 precum
968 2619 1070 2669 regis
1102 2627 1143 2658 et
1180 2618 1341 2668 reginae
1368 2617 1635 2660 Francorum;
1669 2615 1790 2654 Odor.

93 2676 312 2726 Raynald.,
336 2692 401 2718 an.
427 2678 541 2726 1331,
570 2679 587 2728 ἓ
610 2679 672 2717 34.

145 2735 301 2775 Eodem
335 2750 443 2775 anno
480 2738 655 2786 Joanna,
690 2737 829 2787 regina
865 2736 1060 2776 Franciae
1095 2744 1136 2774 et
1171 2735 1378 2774 comitissa
1414 2732 1715 2771 Attrebatensis
1752 2739 1793 2770 et

1807 2793 1824 2804 r

149 2886 180 2918 1.
212 2885 278 2918 Ph.
299 2885 440 2925 Labbe,
461 2885 586 2918 Novae
607 2885 847 2925 bibliothecae,
869 2891 895 2918 t.
915 2897 938 2924 1,
960 2896 995 2928 p.
1017 2884 1097 2918 385.
1114 2902 1163 2907 —
1181 2882 1251 2916 Sur
1269 2883 1320 2916 les
1340 2881 1564 2915 manuscrits
1585 2887 1791 2914 contenant

91 2937 124 2971 le
139 2937 304 2971 discours
321 2938 366 2971 de
384 2937 504 2972 Pierre
522 2938 655 2982 Roger,
674 2938 755 2972 voir
771 2938 812 2972 O.
831 2937 982 2978 Martin‚
999 2948 1056 2980 op.
1074 2937 1145 2976 cit.,
1163 2947 1198 2980 p.
1217 2936 1337 2969 61-62.

141 2991 172 3024 2.
201 2991 242 3024 B.
271 2991 328 3031 N.,
355 3002 423 3024 ms,
449 2991 544 3024 latin
568 2990 673 3031 4227,
700 2990 725 3024 f.
753 2991 797 3024 29
823 2995 874 3023 v0.

140 3045 172 3077 3.
201 3043 242 3077 B.
270 3043 327 3084 N.,
353 3055 420 3077 ms.
447 3043 542 3077 latin
565 3043 670 3083 4242,
696 3043 721 3078 f.
748 3044 816 3077 573
840 3043 962 3076 r0-574
985 3047 1029 3076 r0.

139 3096 172 3129 4.
201 3096 242 3130 Β.
269 3095 326 3136 Ν.,
350 3107 417 3129 ms.
441 3096 537 3129 latin
558 3096 662 3136 4085,
687 3095 712 3129 f.
736 3097 754 3128 1
779 3100 812 3129 r0
834 3101 872 3128 et
895 3096 914 3128 5
938 3099 988 3129 v0.
