2083 3458
267 233 351 276 528
917 249 1068 275 NOTAE
1103 248 1163 274 AD
1197 249 1325 275 VITAs
1816 204 1970 292 [1011]

267 334 366 371 urbe
390 334 560 372 Metensi
595 348 723 385 usque
751 333 802 370 ad
834 346 989 370 annum
1021 331 1376 380 MCCCLXXXV‚
1410 347 1491 383 quo
1525 348 1618 373 eum
1648 335 1891 375 redeuntem
1921 336 1969 375 de

265 393 470 441 legatione
496 407 567 430 sua
592 394 767 430 intrasse
794 392 949 430 curiam
975 391 1038 429 die
1072 392 1302 441 penultima
1337 392 1542 442 januarii1
1567 394 1817 433 adnotatum
1843 403 1904 433 est
1927 395 1969 433 in

266 452 369 490 libro
388 452 688 501 Obligationum
705 451 861 489 archivi
880 451 1085 489 Vaticani.
1106 450 1442 501 Porro‘quamvis
1464 453 1739 502 utplurimum
1760 454 1970 493 habitaret

267 511 306 548 in
325 526 370 549 ea
389 512 500 559 urbe,
519 511 727 549 interdum
743 519 885 549 tamen
902 510 953 547 ad
972 510 1071 548 alias
1089 510 1300 560 pergebat.
1322 511 1482 549 Extant
1500 512 1607 550 enim
1623 512 1731 551 inter
1747 513 1968 563 Privilegia

264 569 597 608 Cartusianorum
612 571 754 608 literae
772 570 858 619 ejus
876 584 949 619 pro
966 570 1218 609 monasterio
1236 569 1388 608 Montis
1407 570 1547 609 Sancti
1565 572 1736 610 Joannis
1753 572 1969 622 Baptistae

266 644 391 679 prope
418 630 676 679 Friburgum,
703 629 825 667 datae
850 629 961 679 apud
982 629 1241 679 Friburgum,
1262 629 1588 668 Constantiensis
1607 631 1814 680 dioecesis,
1832 631 1968 670 idibus

276 689 365 739 [13]
386 689 549 739 augusti
569 688 838 739 pontificatus
860 688 1015 726 domini
1035 688 1255 738 Clementis
1274 702 1407 738 papae
1427 689 1508 726 VII
1527 703 1635 728 anno
1654 691 1779 729 tertio
1809 691 1966 741 [1381]

265 749 367 787 Cum
398 757 538 787 autem
570 756 730 787 constet
763 748 1027 787 Guillelmum
1058 761 1080 785 a
1111 748 1316 797 legatione
1348 748 1590 788 Germanica
1620 749 1813 789 reducem
1844 750 1967 790 fuisse

264 822 372 845 anno
400 807 741 845 MCCCLXXXV
767 807 948 855 ineunte,
977 815 1151 857 apparet
1178 807 1400 846 Odoricum
1429 807 1694 857 Raynaldum
1721 823 1874 848 errasse
1901 824 1965 849 an.

267 866 380 914 1386,
405 867 475 915 §Q
493 867 564 905 ubi
581 867 722 905 scribit
738 867 847 905 hunc
865 867 1131 906 Guillelmum
1149 867 1197 905 de
1215 867 1413 917 Agrifolio
1430 867 1601 907 missum
1618 883 1702 907 esse
1720 883 1742 907 a
1760 869 1967 908 Clemente

263 927 304 965 in
330 926 592 964 Germaniam
617 940 724 964 anno
750 926 1130 974 MCCCLXXXVI,
1155 934 1203 964 ut
1227 926 1452 965 Germanos
1477 927 1559 965 suis
1583 928 1786 966 erroribus
1810 928 1967 967 irretire

262 994 492 1025 conaretur.

319 1045 376 1084 De
393 1046 461 1083 illo
478 1045 536 1083 ita
554 1045 703 1095 legitur
719 1045 761 1082 in
776 1045 921 1082 Diario
949 1045 1003 1095 [p.
1023 1045 1125 1095 411]
1145 1046 1317 1083 Joannis
1338 1045 1460 1083 Fabri
1478 1046 1657 1096 episcopi
1675 1046 1937 1085 Carnotensis
1957 1063 1965 1085 :

264 1105 357 1142 Sero
378 1105 457 1154 (die
479 1118 536 1141 ΧΠ
556 1104 800 1154 septembris
821 1105 918 1142 anni
939 1104 1346 1154 MCCCLXXXVII)
1367 1104 1523 1154 fuimus
1544 1105 1587 1142 in
1606 1106 1772 1143 consilio
1793 1106 1836 1143 in
1855 1107 1966 1144 domo

259 1164 479 1202 cardinalis
504 1164 548 1201 cle
571 1164 772 1213 Agrifolio
796 1179 868 1214 pro
893 1179 1014 1202 causa
1039 1164 1318 1202 vicecomitisse
1345 1164 1522 1203 Talarcli.
1551 1164 1678 1203 Maria
1704 1165 1853 1215 regina*
1870 1165 1965 1204 Sici-

260 1224 351 1271 liae,
379 1224 494 1273 cujus
521 1237 590 1261 seu
616 1224 754 1273 potius
783 1223 854 1261 filii
880 1224 967 1274 ejus
989 1224 1229 1262 ‘Ludovicus
1259 1223 1298 1260 ll
1323 1223 1425 1273 regis
1452 1224 1717 1262 cancellarius
1743 1232 1831 1262 erat
1855 1225 1965 1264 idem

260 1283 491 1333 episcopus,
518 1291 606 1321 erat
632 1298 678 1321 eo
704 1291 890 1333 tempore
916 1283 1028 1333 apud
1054 1283 1323 1321 Avenionem.
1347 1283 1405 1321 De
1432 1296 1612 1333 quonam
1639 1291 1780 1323 autem
1798 1285 1964 1334 negotio

260 1343 348 1381 heic
368 1350 517 1392 agatur
536 1341 697 1381 difficile
716 1350 778 1381 est
797 1343 1032 1392 explanare,
1054 1343 1131 1380 nisi
1151 1343 1182 1381 si
1201 1342 1479 1392 intelligamus
1500 1342 1549 1381 de
1569 1357 1615 1380 eo
1636 1342 1747 1393 quod
1767 1343 1962 1382 adversus

260 1402 545 1440 vicecomitem
579 1401 920 1443 Talardi,actum
954 1410 1015 1440 est
1049 1416 1157 1440 anno
1192 1401 1407 1440 millesimo
1442 1401 1755 1450 CCCLXXXV,
1792 1403 1855 1441 die
1891 1417 1963 1441 xm

258 1461 411 1511 aprilis,
428 1461 476 1499 de
492 1458 572 1511 quo
587 1461 643 1499 sic
656 1462 806 1511 legitur
818 1461 859 1499 in
874 1461 1018 1500 eodem
1029 1461 1174 1499 Diario
1190 1477 1197 1499 ε
1216 1461 1314 1499 Item
1326 1475 1398 1510 pro
1413 1461 1667 1499 universitate
1682 1462 1727 1499 de
1741 1461 1961 1510 Mosteriis,

258 1535 334 1570 par
353 1521 516 1571 laquelle
536 1519 728 1558 Madame
748 1530 898 1559 revocat
917 1529 951 1559 et
969 1522 1156 1558 annullat
1175 1521 1438 1559 venditionem
1458 1535 1528 1570 per
1547 1535 1609 1557 eos
1627 1521 1774 1570 factam
1794 1530 1963 1571 tempore

260 1594 395 1628 guerre
418 1580 463 1618 de
486 1580 682 1631 quindeno
706 1580 886 1618 omnium
907 1580 1111 1629 fructuum
1134 1589 1169 1618 et
1189 1588 1451 1630 proventuum
1474 1579 1569 1617 dicti
1602 1581 1677 1618 loci
1708 1589 1744 1618 et
1775 1575 1963 1619 territorii

257 1640 324 1677 sui
345 1640 504 1678 domino
525 1640 723 1678 Ludovico
744 1641 788 1678 de
812 1640 952 1687 Trian,
975 1640 1191 1678 vicecomiti
1215 1640 1392 1678 Talardi.

312 1698 430 1738 Anno
459 1699 831 1738 MCCCLXXXIX
856 1699 896 1737 in
926 1700 989 1738 die
1017 1699 1341 1739 festo-Omnium
1364 1699 1611 1737 Sanctorum
1637 1698 1828 1737 interfuit
1854 1699 1960 1737 Ave-

258 1758 370 1797 nioni
401 1760 657 1798 coronationi
688 1760 874 1809 ejusdem
906 1759 1105 1798 Ludovici
1141 1759 1193 1807 II,
1222 1759 1325 1808 regis
1358 1758 1529 1796 Siciliae.
1564 1758 1665 1797 Vide
1698 1757 1960 1810 Miscellanea

257 1817 456 1866 historica,
477 1819 645 1867 Labbei‚
663 1834 702 1869 p.
723 1819 812 1867 642,
831 1828 872 1858 et
889 1819 1179 1857 Annotationes
1199 1818 1385 1867 Dionysii
1404 1817 1648 1855 Gothofredi
1665 1817 1718 1855 ad
1735 1817 1959 1855 Historiam

256 1877 392 1916 Caroli
418 1878 489 1927 VI,
511 1893 549 1928 p.
574 1878 662 1918 567.

310 1938 373 1976 Ex
394 1938 555 1988 Rege-sto
576 1938 729 1975 CXLV
759 1937 772 1988 [
795 1938 865 1978 JJ.
888 1936 990 1988 145]
1020 1937 1177 1976 archivi
1197 1936 1295 1987 regii
1317 1937 1460 1984 Paris,
1495 1950 1584 1986 cap.
1618 1950 1755 1984 xxxn,
1784 1944 1959 1986 apparet

256 1998 363 2036 hunc
385 1998 635 2037 cardinalem
656 1998 779 2036 fuisse
800 1998 976 2047 priorem
1000 1997 1049 2036 de
1072 1997 1253 2045 Puylenc
1274 2011 1400 2046 prope
1422 1996 1678 2035 Avenionem
1700 2009 1808 2033 anno
1829 1995 1958 2033 mille-

215 2056 216 2059 ’
258 2058 360 2096 simo
378 2057 608 2105 CCCXCII,
627 2071 764 2097 mense
779 2057 894 2107 julio.

309 2116 428 2155 Anno
452 2117 726 2155 MCCCXCIV
749 2130 843 2155 eum
866 2117 989 2154 fuisse
1013 2117 1215 2154 decanum
1239 2116 1341 2154 sacri
1366 2114 1523 2164 collegii
1546 2115 1696 2152 docent
1725 2113 1841 2151 Gesta
1861 2121 1958 2164 post

256 2185 431 2214 mortem
450 2177 670 2216 Clementis
690 2176 784 2224 VII,
808 2174 852 2225 [t.
874 2175 903 2225 1]
931 2190 969 2226 p.
990 2175 1078 2223 538,
1099 2175 1187 2214 539.

309 2236 428 2274 Anno
459 2236 710 2275 MCCCXCV
739 2236 1017 2285 interrogatus
1049 2248 1143 2274 cum
1173 2235 1316 2273 ceteris
1348 2233 1623 2272 cardinalibus
1655 2246 1677 2270 a
1709 2233 1810 2270 duce
1839 2232 1955 2270 Bitu—

255 2296 399 2334 ricensi
430 2310 534 2345 quae
564 2297 630 2334 via
661 2296 816 2343 melior,
847 2295 1040 2342 sanctior,
1072 2302 1113 2332 et
1144 2293 1300 2332 facilior
1328 2293 1538 2331 videretur
1567 2292 1619 2329 ad
1647 2291 1955 2341 pacificandum

254 2356 376 2393 corda
397 2356 580 2395 omnium
599 2355 926 2393 orthodoxorum
943 2354 994 2391 ad
1014 2353 1252 2392 habendum
1269 2353 1311 2391 in
1331 2352 1512 2390 Ecclesia
1531 2351 1725 2390 unionem
1742 2350 1955 2400 respondit

255 2415 366 2453 viam
391 2415 581 2453 cessionis
607 2414 682 2452 sibi
708 2414 836 2452 videri
862 2413 1085 2461 meliorem,
1112 2413 1143 2451 si
1168 2420 1307 2464 posset
1331 2411 1470 2450 taliter
1493 2410 1712 2460 practicari
1738 2410 1848 2459 quod
1871 2423 1955 2459 pax

252 2474 347 2512 inde
371 2482 618 2524 sequeretur.
647 2473 748 2511 Vide
771 2481 886 2512 tomo
909 2481 1026 2510 sexto
1050 2472 1262 2522 Spicilegii
1286 2470 1545 2518 Dacheriani,
1568 2484 1607 2519 p.
1634 2468 1720 2509 138.

307 2533 425 2571 Anno
458 2533 779 2571 MCCCXCVIII
812 2546 905 2570 cum
936 2532 1150 2570 subtracta
1183 2538 1289 2569 esset
1321 2529 1555 2568 obedientia
1586 2528 1824 2566 Benedicto
1844 2527 1952 2565 XIII

257 2593 505 2630 auctoritate
540 2592 681 2630 Karoli
713 2592 768 2629 Vl
800 2592 902 2641 regis
937 2591 1201 2638 Francorum,
1235 2589 1474 2628 Guillelmus
1497 2588 1545 2626 de
1567 2587 1764 2637 Agrifolio
1797 2587 1953 2635 collegii

255 2653 431 2689 decanus
466 2652 677 2689 Avenione
711 2651 884 2689 excessit
917 2650 1115 2700 postridie
1149 2650 1228 2687 kal.
1275 2648 1338 2698 [2]
1373 2647 1616 2697 septembris
1651 2655 1690 2684 et
1723 2654 1866 2696 postea
1900 2645 1952 2683 ab

256 2711 487 2748 obedientia
509 2711 721 2748 Benedicti
739 2726 778 2748 se
794 2710 1023 2755 subtraxit3
1045 2709 1196 2755 Surita‚
1220 2708 1288 2746 lib.
1312 2708 1373 2744 ΙΙΙ
1398 2707 1540 2754 Ιηάίο,,
1561 2706 1613 2743 ad
1628 2719 1692 2744 an.
1712 2704 1825 2743 1398.
1848 2704 1952 2742 Tum
1995 2748 2000 2753 Ι

251 2784 347 2807 'vcro
381 2770 620 2808 Guillelmus
652 2770 856 2807 rationem
888 2783 1066 2807 secessus
1100 2768 1160 2805 sui
1192 2766 1386 2813 reddidit,
1420 2766 1531 2804 edito
1563 2765 1604 2802 in
1637 2765 1783 2813 vulgus
1815 2763 1951 2801 libello

256 2830 449 2865 adversus
463 2829 745 2876 Benedictum‚
761 2828 830 2877 qui
846 2835 963 2865 extat
984 2826 1095 2877 apud
1109 2826 1331 2864 Odoricum
1346 2824 1624 2873 Raynaldum,
1639 2837 1703 2861 an.
1721 2821 1835 2869 1398,
1856 2821 1873 2870 ἓ
1890 2821 1949 2861 18.

307 2888 419 2924 Obiit
440 2886 454 2908 2
476 2888 685 2925 Avenionc
716 2901 824 2925 anno
857 2886 1047 2924 MCCCCI
1070 2886 1254 2935 sepultus
1276 2885 1318 2922 in
1340 2884 1508 2933 collegio
1529 2883 1668 2920 Sancti
1689 2881 1888 2919 Martialis
1910 2881 1951 2918 in

300 3023 330 3054 1.
363 3022 410 3055 Lc
433 3023 474 3055 29
495 3023 641 3065 janvicr
661 3022 807 3065 d’apres
832 3022 949 3055 Eubel
974 3020 1224 3064 (Hierarchia,
1247 3026 1272 3053 t.
1293 3032 1316 3060 1,
1339 3030 1373 3062 p.
1397 3018 1468 3062 20).

302 3077 332 3107 2.
373 3075 420 3107 Lc
456 3077 498 3108 53
524 3075 670 3117 janvier
695 3076 784 3108 1401
814 3075 960 3118 d'apres
987 3074 1112 3107 Valois
1142 3072 1218 3117 (op.
1245 3073 1316 3112 cit„
1344 3078 1370 3105 t.
1395 3084 1446 3111 111,
1474 3083 1508 3115 p.
1535 3070 1633 3114 333),
1660 3070 1723 3113 qui
1748 3069 1839 3103 s'est
1862 3079 1949 3102 sans

252 3128 363 3159 doute
391 3128 525 3170 inspiro
553 3129 711 3161 d'liuhel
742 3127 991 3170 (Hierarclcia,
1019 3134 1044 3161 t.
1070 3140 1093 3167 1,
1121 3138 1155 3170 p.
1184 3127 1256 3170 20),
1282 3126 1313 3159 le
1340 3126 1384 3158 15
1410 3125 1557 3168 d'aprcs
1584 3123 1723 3156 Martin
1749 3121 1934 3166 d'Alparti
