2083 3458
119 227 270 282 [1044]
672 245 885 270 PAPARUM
921 246 1302 271 AVENIONENSIUM
1725 231 1803 273 561

107 321 280 359 scribere
303 329 507 372 tanquam
528 337 614 361 rem
638 332 792 361 certam
816 333 856 363 et
881 339 984 373 quae
1008 333 1113 363 esset
1137 333 1253 363 extra
1278 339 1441 363 omnem
1465 327 1802 370 controversiam,

107 380 215 418 hunc
237 380 486 419 cardinalem
509 382 791 420 Florentinum
813 383 974 433 publice
996 384 1209 433 agnovisse
1231 385 1421 422 eumdem
1446 385 1657 423 Urbanum
1681 385 1803 423 fuisse

109 453 252 478 verum
273 447 426 490 papam
450 448 491 479 et
513 449 654 479 sancte
678 450 717 479 et
741 443 934 480 canonice
958 443 1146 481 electum.
1176 443 1238 481 Ita
1262 444 1370 481 enim
1393 443 1615 482 affirmasse
1639 452 1803 482 constat

109 500 346 549 episcopum
374 499 715 543 Recanatensem,
742 501 857 549 cujus
886 501 1268 554 verbareseruntur
1293 502 1344 539 ab
1372 502 1546 540 Odorico
1571 503 1801 551 Raynaldo,

107 558 158 596 ad
192 572 256 597 an.
294 558 407 606 1378,
448 558 464 606 ξ
499 559 558 597 13.
596 559 672 597 Sed
716 568 941 609 antequam
986 560 1037 597 ad
1083 560 1375 598 refutationem
1417 561 1534 599 istius
1571 562 1801 611 argumenti

74 644 79 649 .
106 617 363 665 accedamus,
396 618 673 656 omittendum
703 633 784 655 non
815 627 876 657 est
906 619 1013 656 hunc
1044 620 1292 657 cardinalem
1325 620 1606 658 Florentinum
1636 621 1802 658 missam

109 690 245 715 coram
279 677 446 715 Urbano
480 677 702 716 celebrasse
734 677 773 714 in
808 678 1010 715 dominica
1043 679 1294 727 palmarum3
1326 679 1449 728 idque
1483 679 1748 718 observatum
1779 693 1801 716 a

109 736 228 774 Petro
251 736 397 774 Amelii
419 736 460 773 in
482 744 596 774 tomo
618 737 797 774 secundo
821 737 957 773 [Masei
983 736 1128 784 Italici,
1150 751 1189 786 p.
1214 737 1291 774 479
1312 745 1352 775 et
1374 738 1415 775 in
1438 737 1557 775 Facto
1580 738 1725 776 Jacobi
1754 738 1802 777 de

107 795 209 834 Seva
229 794 258 842 1,
289 810 327 845 p.
359 795 448 842 498,
479 803 570 833 tum
599 795 725 833 etiam
754 795 796 832 in
826 795 945 833 Facto
974 795 1096 833 misso
1126 796 1177 833 ad
1208 809 1342 844 regem
1373 797 1571 834 Castellae
1601 811 1651 835 ex
1686 805 1802 846 parte

105 854 412 893 Bartholomaei
434 854 544 904 apud
564 854 786 892 Odoricum
809 854 1086 903 Rayualdum,
1106 867 1170 892 an.
1193 854 1306 899 1378,
1333 854 1427 902 §95
1451 855 1567 893 Nunc
1588 856 1801 893 redeamus

105 914 147 951 in
170 914 292 952 viam.
319 914 419 951 Cum
441 913 551 951 idem
574 913 791 951 cardinalis
817 913 1075 951 Florentinus
1099 913 1150 950 ab
1172 914 1317 950 iisdem
1339 915 1482 963 legatis
1505 915 1606 964 regis
1631 913 1801 964 Arrago-

106 986 205 1010 num
220 973 496 1022 interrogatus
514 981 619 1010 esset
635 987 756 1022 super
772 972 847 1009 hoc
863 972 1035 1010 articulo
1051 972 1263 1022 respondit
1280 987 1324 1010 ea
1341 987 1424 1011 esse
1442 973 1670 1011 falsissima.
1693 974 1802 1011 Haec

105 1040 202 1070 sunt
234 1032 321 1081 ejus
354 1032 479 1071 verba
499 1030 539 1068 2:
577 1031 673 1069 Item
705 1031 757 1068 ad
778 1032 991 1080 septimum
1020 1031 1376 1080 interrogatorinm,
1402 1032 1502 1082 qaod
1525 1031 1680 1081 incipit,
1706 1031 1803 1070 Item

106 1106 194 1129 cam
213 1100 413 1129 asseratur
432 1105 500 1140 per
519 1090 749 1139 episcopum
771 1090 1108 1127 Raclzanatensem
1130 1090 1230 1139 qnod
1248 1090 1422 1139 predicta
1443 1090 1504 1127 die
1525 1091 1687 1137 veneris,
1709 1099 1801 1138 etc.,

106 1151 319 1200 respondeo
351 1150 453 1200 qaod
483 1158 661 1187 contenta
695 1149 738 1186 in
772 1149 844 1187 isto
875 1149 1171 1197 interrogatorio
1201 1149 1363 1185 omnino
1393 1158 1485 1186 sunt
1516 1149 1738 1197 salsissima
1770 1158 1804 1187 et

108 1224 186 1247 non
208 1209 404 1247 continere
426 1208 624 1247 veritatem
648 1208 729 1245 nisi
753 1208 795 1245 in
818 1208 886 1245 hoc
909 1208 1009 1257 quod
1031 1209 1073 1245 in
1097 1208 1164 1245 illo
1187 1222 1301 1244 mane
1323 1208 1374 1244 ad
1395 1208 1604 1257 palatium,
1631 1208 1699 1246 ubi
1723 1217 1804 1245 erat

106 1269 311 1316 Barensis.
333 1268 546 1318 requisitas
565 1276 599 1305 et
619 1267 757 1305 duetus
777 1281 845 1316 per
865 1267 1047 1315 officiales
1072 1266 1206 1310 Urbis,
1230 1275 1270 1304 at
1288 1281 1412 1316 snpra
1432 1267 1516 1304 (limi
1536 1268 1803 1317 respondendo

106 1328 157 1365 ad
175 1327 352 1377 primam
374 1326 729 1376 interrogatorium.
753 1326 804 1364 Et
823 1335 928 1375 patet
945 1326 1104 1375 salsitas
1130 1326 1390 1374 predictorum
1418 1341 1463 1362 ea*
1486 1340 1526 1362 eo
1554 1327 1654 1375 quod
1677 1326 1803 1363 (lictus

106 1386 291 1424 dominus
316 1386 453 1424 Sancti
477 1385 586 1424 Petri
609 1394 691 1423 erat
715 1385 758 1422 in
782 1386 932 1434 palatio
958 1400 1024 1422 nec
1049 1385 1139 1426 inde
1165 1384 1232 1421 illa
1259 1393 1364 1422 nocte
1387 1385 1568 1422 exiverat.

158 1445 287 1483 Addit
308 1446 488 1484 Joannes
509 1445 558 1483 de
580 1445 763 1494 Lignano
783 1445 823 1482 in
845 1452 1029 1481 tractatu
1059 1457 1180 1492 quem
1208 1444 1415 1492 inscripsit
1433 1444 1491 1480 De
1517 1444 1613 1491 fleta
1633 1443 1803 1480 Ecclesie

107 1505 358 1543 cardinalem
396 1504 680 1542 Florentinum
717 1503 932 1541 accessisse
971 1516 1062 1540 cum
1100 1503 1186 1539 aliis
1226 1503 1406 1551 quinque
1445 1502 1718 1540 cardinalibus
1752 1503 1802 1539 ad

106 1564 335 1611 Urbanum,
358 1573 399 1602 et
421 1564 531 1602 facto
554 1563 735 1612 quodam
755 1576 942 1601 sermone
964 1575 1056 1599 eum
1087 1562 1262 1610 coegisse
1294 1562 1344 1598 ad
1375 1561 1680 1610 suscipiendum
1702 1575 1802 1598 onus

104 1624 253 1662 summi
272 1616 554 1674 pontificatus.
576 1622 688 1670 Quae
706 1621 831 1659 verba
851 1621 1022 1658 joannis
1041 1621 1089 1659 de
1109 1621 1292 1669 Lignano
1310 1620 1516 1657 habentur
1532 1620 1642 1669 apud
1661 1620 1803 1657 Odori-

105 1696 197 1720 cum
217 1680 705 1731 Raynaldum,a11.1378‚
729 1680 746 1729 ξ
762 1679 825 1723 91,
843 1688 883 1718 et
898 1681 938 1718 in
956 1680 1093 1717 codice
1107 1677 1185 1717 815
1207 1679 1480 1717 bibliothecae
1504 1679 1760 1717 Colbertinae
1773 1677 1801 1716 3.

106 1742 223 1789 Quod
260 1755 403 1780 verum
439 1755 523 1779 esse
558 1747 699 1790 potest
733 1739 775 1777 in
810 1739 878 1777 illa
914 1739 1159 1777 necessitate
1195 1738 1277 1775 diss
1297 1738 1480 1775 mulandi
1518 1746 1557 1775 et
1587 1737 1803 1786 obtegendi

103 1808 307 1839 secretum
334 1800 531 1838 adversus
558 1800 738 1837 immane
766 1798 993 1848 periculum
1022 1797 1131 1846 quod
1159 1797 1404 1834 imminebat
1431 1811 1480 1834 ex
1508 1805 1624 1846 parte
1656 1796 1805 1833 Roma-

103 1873 269 1906 norum;
301 1859 544 1909 praesertim
575 1871 668 1896 cum
699 1857 952 1896 Bertrandus
985 1855 1201 1894 cardinalis
1234 1856 1523 1893 Glandatensis
1554 1863 1648 1905 post
1680 1855 1804 1894 verba

104 1932 226 1968 supra
240 1919 384 1965 relata,
400 1933 438 1968 p.
461 1917 575 1962 1041,
592 1915 751 1955 addat4
766 1916 1017 1954 cardinalem
1041 1915 1325 1953 Florentinum
1348 1915 1494 1952 timore
1516 1915 1658 1952 mortis
1677 1915 1804 1952 nomi-

103 1991 220 2016 nasse
240 1978 476 2025 Barensem‚
499 1985 533 2014 et
552 1976 689 2014 timore
710 1975 846 2013 mortis
867 1974 1089 2012 nominavit
1105 1974 1220 2012 illum
1235 1973 1450 2011 Barensern
1465 1973 1806 2022 archiepiscopum

104 2037 148 2074 in
172 2051 335 2086 papam.

157 2096 234 2134 Sed
262 2103 406 2134 contra
434 2103 574 2133 tamen
602 2094 702 2132 haec
731 2094 877 2131 ultima
906 2092 1030 2130 verba
1059 2091 1209 2129 adferri
1236 2099 1375 2141 potest
1390 2091 1616 2129 auctoritas
1635 2091 1804 2128 joannis

103 2155 152 2193 de
186 2155 370 2205 Lignano
402 2162 444 2192 et
475 2155 663 2201 aliorum,
696 2153 738 2190 in
768 2152 911 2202 primis
945 2166 1041 2190 vero
1073 2151 1200 2200 ipsius
1233 2150 1449 2188 cardinalis
1485 2149 1721 2195 Florentinf‚
1756 2163 1805 2187 ex

103 2213 251 2263 quibus
281 2221 446 2252 constat
476 2212 761 2251 Florentinum
789 2210 1021 2249 nominasse
1050 2209 1300 2247 cardinalem
1330 2208 1468 2247 Sancti
1500 2208 1621 2246 Petri.
1653 2207 1804 2245 Verum

101 2273 181 2310 ista
200 2272 476 2322 discrepantia
494 2272 656 2309 tollitur
672 2285 746 2320 ope
764 2270 983 2308 verborum
1002 2282 1106 2319 quae
1124 2276 1354 2317 sequuntur
1367 2268 1408 2304 in
1426 2275 1611 2305 tractatu
1630 2266 1801 2304 Joannis

103 2332 152 2370 de
184 2332 368 2381 Lignano
394 2329 410 2354 5
432 2331 544 2381 apud
567 2330 790 2368 Odoricum
814 2328 1093 2377 Raynaldum,
1113 2341 1178 2365 an.
1200 2326 1314 2373 1378,
1340 2325 1438 2374 ἓ83,
1460 2325 1653 2363 nimirum
1676 2325 1786 2362 cardi

102 2391 237 2428 nalem
260 2390 543 2428 Florentinum
566 2396 763 2427 conatum
784 2402 869 2426 esse
890 2386 1135 2436 persuadere
1157 2386 1300 2424 ceteris
1322 2384 1597 2422 cardinalibus
1620 2392 1666 2421 ut
1687 2384 1786 2432 elige

102 2458 194 2488 rent
222 2449 472 2487 cardinalem
501 2448 642 2487 Sancti
672 2447 796 2494 Petri,
820 2459 941 2495 quem
970 2446 1022 2482 ad
1047 2445 1116 2482 hoc
1142 2458 1321 2493 expresse
1349 2443 1581 2489 nominavit,
1612 2443 1680 2480 sed
1711 2455 1803 2480 cum

103 2508 475 2547 contradictionem
498 2521 642 2557 passus
667 2513 786 2553 esset,
812 2505 969 2551 ceteris,
996 2504 1065 2553 qui
1088 2503 1308 2541 Barensem
1333 2503 1551 2552 elegerant,
1574 2501 1801 2539 accessisse.

104 2567 337 2605 Cardinalis
372 2580 457 2604 vero
493 2565 750 2603 Florentinus
786 2564 921 2601 videns
956 2563 1058 2612 quod
1091 2563 1165 2599 clue
1198 2570 1329 2611 partes
1363 2569 1397 2598 et
1431 2561 1563 2609 plures
1598 2560 1802 2596 (lominum

102 2626 446 2676 archiepiscopum
482 2624 697 2662 Barensem
732 2623 937 2672 elegerant,
977 2636 1061 2670 ipse
1096 2629 1214 2658 etiam
1251 2620 1333 2657 illis
1368 2619 1520 2656 adhesit
1558 2627 1591 2656 et
1626 2619 1802 2655 eumdem

103 2685 446 2734 archiepiscopum
460 2683 646 2721 similiter
660 2691 694 2720 et
708 2696 806 2731 pure
822 2690 856 2719 et
870 2681 989 2718 libere
1004 2679 1117 2728 elegit
1134 2679 1277 2716 ibidem
1297 2679 1339 2715 in
1355 2678 1582 2716 continenti.
1606 2677 1649 2714 ld
1666 2677 1800 2726 ipsum

103 2752 283 2782 testatur
316 2744 449 2781 Pileus
483 2741 700 2780 cardinalis
736 2741 956 2778 Ravennas
988 2740 1029 2776 in
1062 2738 1234 2787 epistola
1268 2737 1319 2774 ad
1357 2737 1554 2774 Ix'arolum
1588 2736 1633 2784 V,
1667 2749 1801 2784 regem

151 2892 168 2923 1
214 2891 387 2930 Bulaeus,
415 2889 584 2922 Historia
610 2888 856 2922 universilalis
882 2883 1175 2924 Parisie12sis‚‘t.
1202 2895 1251 2916 1v.

154 2946 184 2977 2.
216 2945 255 2977 B.
290 2944 346 2983 N.,
379 2955 445 2976 ms.
477 2942 571 2974 latin
599 2941 705 2980 1470,
736 2941 798 2973 fol.
830 2941 873 2972 44
906 2944 954 2971 ΥΟ.

152 2999 184 3030 3.
214 2998 254 3030 Β.
283 2997 339 3036 Ν.,
365 3008 432 3029 ms.
458 2995 553 3028 latin
576 2993 680 3033 1470,
708 2994 768 3027 fol.
796 2994 839 3026 89
865 2997 906 3025 1·0.

152 3051 165 3074 l
214 3050 253 3083 Β.
286 3049 343 3089 N.,
373 3061 440 3081 ms.
470 3048 564 3081 latin
591 3046 719 3086 11745,
750 3046 810 3078 fol.
842 3046 886 3078 3ss
915 3049 958 3076 ΓΟ.

215 3104 253 3136 Β.
286 3102 343 3141 Ν.,
372 3113 439 3134 ms.
468 3101 563 3133 latin
589 3099 695 3140 1470,
724 3099 785 3132 fol.
816 3100 859 3131 83
889 3102 939 3137 νο,
969 3097 1012 3130 84
1040 3100 1083 3129 r0.

161 3065 184 3083 k.
