2083 3458
252 246 335 288 488
697 292 699 295 ¹
900 260 1052 285 NOTAE
1086 261 1146 286 AD
1182 260 1309 287 v1TAs
1830 247 1956 304 [971]

252 348 310 385 ita
337 347 536 396 scriptum
563 354 625 384 est
652 361 659 383 :
684 345 929 382 Duodecimn
955 345 1016 382 die
1041 346 1273 395 septembris
1299 346 1406 384 debet
1431 347 1519 396 fieri
1544 348 1867 387 anniversarium
1891 349 1957 399 sel.

252 422 367 446 recor.
394 405 546 444 domini
570 404 694 443 nostri
716 404 939 442 Innocentii
959 419 1089 455 papae
1112 406 1224 454 sexti,
1242 406 1310 456 qui
1328 406 1433 444 dedit
1448 407 1563 444 nobis
1581 416 1764 446 trecentos
1786 409 1958 458 florenos

251 467 399 516 regales
418 481 488 516 pro
509 465 653 513 viginti
673 464 788 501 libris
807 465 937 501 annui
956 479 1218 514 supercensus
1237 480 1308 515 pro
1329 466 1429 503 dicto
1447 480 1519 503 suo
1538 468 1814 506 anniversario
1835 468 1958 519 quoli-

257 527 314 565 bet
331 541 437 564 anno
456 525 637 575 jaciendo
657 524 843 562 emendis.
863 524 923 562 De
943 525 1088 574 quibus
1106 524 1272 574 florenis
1289 525 1370 574 fuit
1389 526 1527 563 domus
1546 527 1591 564 de
1610 527 1765 565 Furnis
1781 528 1961 577 jumellis

251 601 320 637 per
335 586 556 638 capitulum
576 584 727 622 Joanni
744 584 802 621 Ro
810 583 926 631 belin,
940 592 974 622 et
986 585 1099 622 umori
1115 599 1210 622 suae
1225 593 1357 635 empta
1371 585 1445 622 sub
1461 587 1734 624 aestimatione
1748 602 1817 625 seu
1833 588 1962 625 valore

253 646 398 695 viginti
417 646 611 683 librarum
629 643 759 681 annui
777 657 1050 692 supercensuS.
1072 644 1302 683 Pulsatores
1319 644 1520 683 habebunt
1536 661 1607 696 pro
1626 647 1783 684 duabus
1801 647 1961 696 magnis

252 706 461 755 campanis
491 704 706 758 pulsandis
735 717 802 740 sea:
831 704 991 752 solidos,
1024 712 1058 742 et
1096 704 1234 743 debent
1274 705 1361 754 fieri
1401 706 1757 744 commendationes
1789 707 1832 744 in
1861 707 1960 756 foro,

253 780 332 804 non
360 765 543 803 canonici
571 764 785 802 sacerdotes
814 763 1019 801 duodecim
1048 764 1246 813 denarios,
1277 764 1419 802 vicarii
1448 774 1527 803 octo
1557 765 1753 814 denarios,
1783 775 1818 804 et
1845 765 1960 815 pueri

254 834 419 877 quatuor
438 824 634 863 denarios,
656 823 708 860 Et
726 823 865 860 debent
882 823 958 860 duo
977 823 1161 861 canonici
1180 824 1340 861 chorum
1358 825 1411 861 ad
1428 825 1593 863 missam
1612 834 1750 873 tenere,
1770 833 1805 863 et
1822 824 1960 874 magni

253 885 350 924 cerei
375 885 418 922 in
441 884 608 933 vigiliis,
634 883 1043 921 commendationibus
1066 891 1101 921 et
1122 884 1247 921 missa
1269 884 1414 924 ardere.

313 946 354 982 P.
386 942 476 991 330,
500 944 566 994 lig.
600 943 635 980 4.
664 943 969 981 SEPULTURAM.
1008 942 1106 981 Voir
1141 943 1187 982 E.
1226 943 1382 994 Deprez
1418 944 1508 993 (Les
1541 943 1775 994 june'railles
1809 943 1854 981 de
1875 943 1960 982 Cle'-

252 1010 355 1042 ment
400 1004 458 1040 VI
497 1009 532 1039 et
564 1002 799 1039 d'Innocent
840 1001 912 1050 VI,
959 1003 1060 1041 dans
1098 1001 1307 1051 Melanges
1355 997 1557 1040 d’histoire
1594 1011 1629 1041 et
1664 1002 1959 1051 d’arclze'ologie,

251 1072 282 1102 t.
311 1077 370 1100 xx
401 1060 551 1112 (1900),
574 1077 612 1112 p.
645 1059 835 1111 235-250)
865 1069 906 1100 et
923 1061 981 1100 R.
1007 1061 1153 1100 Michel
1180 1062 1249 1111 (Le
1277 1063 1458 1100 tombeau
1483 1062 1536 1100 du
1557 1077 1659 1115 pape
1684 1063 1872 1101 Innocent
1902 1063 1962 1102 VI

252 1127 276 1161 a
309 1121 550 1160 Villeneuve-
556 1120 625 1159 les·
632 1120 833 1169 Avignon,
861 1121 963 1159 dans
988 1120 1177 1170 Melange
1181 1137 1199 1159 s
1221 1120 1423 1159 d’histoire
1447 1129 1481 1159 et
1506 1121 1801 1171 d’arche'ologie,
1834 1123 1960 1165 Paris

254 1180 369 1229 1920,
396 1196 435 1232 p.
470 1181 536 1219 78-
540 1179 620 1230 83).

308 1243 349 1279 Ρ.
376 1240 465 1288 331,
497 1240 562 1291 lig.
595 1239 655 1278 14.
686 1237 931 1278 ALAMANIA.
960 1240 1035 1279 Sur
1063 1242 1102 1279 13
1134 1241 1246 1280 levee
1283 1242 1331 1280 de
1360 1241 1524 1292 l'impot
1559 1250 1600 1280 et
1629 1243 1667 1280 13
1711 1242 1880 1280 mission
1912 1242 1961 1280 de

255 1301 441 1352 Philippe
474 1299 523 1338 de
569 1300 801 1346 Cabassole‚
841 1299 931 1338 voir
969 1300 1015 1338 E.
1054 1301 1218 1351 Hennig
1253 1299 1343 1350 (Die
1385 1299 1633 1352 papstlichen
1675 1301 1851 1340 Zehnten
1887 1315 1962 1339 aus

249 1358 532 1407 Deutschland,
563 1359 693 1406 Halle,
720 1357 835 1406 1909,
866 1373 906 1410 p.
937 1358 1086 1410 27-35).

308 1421 350 1458 P.
402 1418 492 1467 332,
524 1419 590 1469 lig.
630 1418 692 1457 22.
730 1419 1097 1457 MONTISFERRATI.
1133 1419 1187 1459 Le
1229 1418 1277 1458 10
1316 1421 1398 1458 11131
1446 1418 1547 1458 1355
1602 1419 1661 1471 (C.
1700 1421 1962 1471 Werunsky‚

260 1478 482 1517 Geschiehte
501 1477 650 1517 Kaiser
670 1477 794 1516 Karls
823 1478 897 1526 IV,
930 1477 1172 1527 Innsbruck,
1196 1477 1310 1527 1886,
1349 1487 1380 1517 t.
1419 1495 1460 1529 11,
1484 1494 1523 1531 p.
1556 1478 1663 1530 606).

307 1540 349 1577 P.
387 1537 477 1582 332
507 1538 573 1589 lig
588 1536 676 1578 23
714 1511 1056 1577 AUGUST’ENSEM.
1095 1539 1156 1576 En
1192 1553 1300 1577 mars
1337 1538 1439 1578 1355
1468 1538 1526 1589 (.C
1553 1540 1801 1591 Werunsky,
1839 1514 1880 1578 ut
1915 1551 1964 1587 s.,

251 1606 281 1637 t.
322 1613 362 1646 11,
387 1613 425 1648 p.
456 1596 561 1647 602).

309 1658 351 1697 P.
377 1657 467 1705 332,
490 1658 557 1708 lig.
583 1657 644 1696 28.
670 1658 932 1696 CARDINALIS
951 1657 1189 1698 APPAMIAR.
1213 1659 1387 1697 Pontius·
1408 1659 1456 1698 de
1477 1659 1717 1708 villamuro,
1742 1674 1865 1710 quem
1897 1659 1967 1697 alii

255 1718 484 1756 Arnaldum
516 1725 682 1766 vocant,
716 1727 763 1756 ut
795 1732 917 1768 supra
959 1733 997 1768 p.
1033 1718 1108 1756 902
1150 1719 1309 1756 dictum
1341 1727 1414 1758 est.
1459 1719 1573 1757 Obiit
1614 1719 1816 1758 Avenioni
1857 1733 1966 1757 anno

255 1778 479 1825 MCCCLV,
506 1778 569 1816 die
587 1792 721 1814 xxvm
739 1778 931 1825 octobris,
949 1787 995 1816 ut
1012 1778 1132 1817 docet
1149 1778 1403 1817 Contelorius
1432 1779 1485 1829 [p.
1505 1779 1553 1817 78
1566 1779 1592 1829 ]

309 1839 350 1877 P.
378 1838 467 1885 333,
491 1838 556 1888 lig.
585 1837 617 1876 1.
645 1837 800 1876 SANCTI
826 1838 1064 1877 DESIDERII.
1095 1838 1211 1876 Istud
1235 1838 1527 1889 explicandum
1560 1847 1632 1878 est.
1659 1840 1833 1877 Constat
1856 1839 1964 1877 enim

255 1898 533 1937 Bertrandum
557 1898 606 1936 de
632 1897 787 1936 Deucio
811 1912 894 1935 non
918 1898 1118 1947 cogitasse
1144 1898 1192 1936 de
1226 1898 1393 1936 33313513
1418 1898 1559 1937 Sancti
1585 1899 1797 1946 Desiderii,
1822 1898 1892 1937 sed
1917 1897 1965 1936 de

258 1958 533 1997 construenda
575 1957 743 1996 33313513
785 1957 1000 2007 collegiata
1042 1972 1112 1996 seu
1154 1957 1420 1996 conventuali
1460 1958 1571 2008 apud
1613 1958 1919 1996 Villamnovam
1937 1956 1964 1994 1.

258 2019 410 2058 Verum
451 2021 689 2058 executores
731 2017 818 2067 ejus
860 2017 1179 2066 testamentarii,
1222 2018 1468 2055 considerata
1508 2026 1726 2068 temporum
1767 2017 1967 2068 qualitate,

257 2078 535 2117 deliberatione
564 2076 774 2127 preliabita
804 2076 1002 2126 diligenti,
1035 2092 1105 2126 pro
1136 2078 1266 2126 magis
1296 2085 1522 2127 opportuna
1550 2077 1781 2127 hujusmodi
1811 2076 1966 2126 expedi-

256 2140 361 2176 tione
386 2138 546 2187 negotii,
572 2152 617 2175 ac
640 2151 710 2186 pro
737 2136 889 2174 utiliori
913 2137 1191 2186 complemento
1216 2137 1282 2187 pie
1307 2137 1540 2174 intentionis
1563 2137 1756 2175 testatoris
1779 2136 1967 2186 ejusdem,

256 2204 290 2234 et
310 2199 353 2235 de
373 2212 565 2235 consensu
585 2205 619 2234 et
638 2196 799 2234 licentia
817 2196 984 2245 speciali
1004 2196 1157 2234 domini
1177 2211 1293 2247 pape,
1318 2197 1360 2234 in
1379 2197 1540 2234 ecclesia
1567 2196 1810 2246 parrochiali
1831 2195 1968 2233 Sancti

256 2257 455 2295 Desiderii
477 2257 520 2294 de
539 2256 753 2304 Acinione,
777 2255 867 2305 ipsa
886 2256 1046 2305 penitus
1066 2265 1254 2305 revocata,
1276 2256 1483 2305 collegium
1502 2256 1732 2305 hujusmodi
1752 2263 1968 2302 erexerunt,

263 2326 297 2355 et
322 2325 443 2355 certas
471 2330 661 2366 personas
688 2330 760 2365 pro
788 2316 924 2353 divino
952 2316 1059 2353 cultu
1088 2316 1131 2353 in
1158 2331 1203 2353 ea
1232 2316 1493 2366 impendendo
1522 2315 1668 2353 ibidem
1698 2315 1967 2362 instituerunt,

260 2389 331 2426 que
348 2376 494 2413 ibidem
511 2376 572 2413 die
588 2384 622 2414 et
638 2383 744 2413 nocte
760 2375 1029 2423 laudabiliter,
1048 2384 1090 2413 ut
1105 2375 1263 2424 dicitur,
1281 2375 1455 2425 officiant
1469 2384 1503 2414 et
1517 2375 1657 2413 divina
1672 2375 1800 2424 officia
1816 2374 1967 2423 impen—

263 2437 372 2483 dunt,
402 2444 449 2473 ut
476 2435 625 2485 legitur
652 2435 693 2472 in
721 2435 848 2473 literis
879 2436 1050 2473 Joannis
1079 2435 1182 2484 regis
1213 2435 1465 2473 Francorum
1493 2434 1600 2472 datis
1629 2434 1739 2485 apud
1770 2434 1968 2488 Sanctum

264 2495 549 2532 Audomarum
568 2508 676 2532 anno
697 2495 927 2542 MCCCLX,
949 2495 1012 2533 die
1031 2494 1155 2532 tertia
1175 2495 1423 2534 novembris.
1448 2495 1565 2533 Hanc
1583 2508 1737 2532 novam
1757 2492 1968 2532 ecelesiam

265 2570 372 2592 anno
392 2555 598 2603 superiore
619 2554 885 2592 dedicaverat
915 2554 1157 2603 Raynaldus
1187 2555 1401 2604 episcopus
1431 2554 1671 2598 Aeduensis.
1697 2553 1743 2591 In
1763 2566 1853 2591 eam
1873 2566 1969 2590 vero

264 2615 514 2652 translatum
546 2614 624 2651 fuit
655 2628 800 2663 corpus
831 2614 1051 2652 Bertrandi
1082 2613 1298 2652 cardinalis
1331 2614 1379 2651 de
1411 2613 1578 2661 Deucio,
1610 2621 1656 2650 nt
1685 2612 1834 2662 legitur
1862 2611 1987 2649 infra‘

267 2672 314 2722 [t.
342 2672 367 2722 ι]
391 2689 428 2723 p.
453 2673 539 2712 339.

322 2733 361 2771 Ρ.
393 2733 481 2780 333,
511 2734 575 2781 lig.
609 2733 668 2771 18.
702 2734 970 2771 ΡΒΑΝ3153115
1001 2748 1056 2770 DE
1088 2733 1373 2771 ORDELAFFIS.
1405 2732 1507 2770 Vide
1537 2732 1760 2770 Odoricum
1790 2730 1970 2780 Raynal-

270 2792 380 2839 dum,
409 2807 472 2830 an.
504 2792 618 2839 1355,
653 2792 669 2840 ξ
696 2792 756 2831 21.

322 2852 362 2890 Ρ.
396 2852 484 2898 333,
515 2852 580 2901 lig.
613 2851 674 2889 23.
703 2852 939 2889 Emscopns
966 2852 1216 2898 PACTENffls,
1245 2852 1372 2889 frater
1393 2851 1539 2890 Petrus
1564 2851 1757 2897 Thomas,
1784 2851 1846 2888 vir
1870 2849 1969 2888 cele-

269 2910 480 2958 b12·1·1·1'1nus‚
528 2919 568 2948 et
613 2911 850 2949 sanctitatis
898 2911 1008 2949 fama
1048 2911 1376 2950 commendatus.
1428 2910 1486 2948 De
1520 2910 1596 2948 hac
1641 2909 1726 2959 ejus
1763 2908 1969 2958 legatione

319 3047 344 3078 1.
374 3047 758 3088 Albanos-Chevalier,
793 3048 914 3082 Gallia
939 3049 1138 3082 christiana
1166 3049 1376 3088 novissima,
1407 3054 1432 3081 t.
1467 3060 1528 3088 vn,
1569 3048 1636 3082 col.
1664 3048 1745 3081 357.
1773 3065 1821 3070 -—
1861 3046 1972 3079 Inno-

267 3104 349 3131 ccnt
373 3099 422 3131 VI
444 3100 608 3133 autorisa
628 3101 676 3134 les
697 3103 915 3135 executeurs
937 3102 1237 3135 testamentaires
1254 3102 1297 3135 de
1312 3101 1497 3135 Bertrand
1518 3101 1562 3134 de
1578 3101 1711 3134 Deaux
1726 3101 1746 3133 3
1767 3099 1971 3133 construire

268 3151 450 3184 {sl-Didima
476 3153 505 3184 le
533 3154 584 3186 1er
609 3154 801 3187 decembre
828 3155 921 3188 1355
951 3155 1002 3198 (ut
1025 3166 1065 3195 5.,
1093 3167 1127 3189 n.
1156 3154 1275 3198 1321).
