2083 3458
288 197 370 237 742
940 211 1091 237 NOTAE
1125 212 1186 236 AD
1220 212 1348 236 viTAs
1844 198 2017 254 [1223]—

284 296 617 348 responderunt1
653 295 754 346 quod
789 311 868 333 non
903 296 1045 334 meruit
1079 296 1147 334 hoc
1179 296 1354 345 suggeri,
1390 297 1485 346 quia
1515 305 1556 334 ut
1590 304 1779 334 testantur
1812 298 2001 335 canonice

282 356 520 403 sanctiones,
550 356 698 394 talibus
726 370 846 405 super
874 355 1105 405 hujusmodi
1137 355 1415 393 invisibilibus
1443 356 1736 393 ostensionibus
1765 357 2000 395 credendum

284 431 362 454 non
385 424 453 465 est,
478 415 559 453 nisi
582 420 651 465 p'er
673 416 936 453 ostensionem
960 415 1145 463 miraculi
1170 416 1227 453 vel
1244 415 1439 465 scripture
1458 414 1729 454 testimonium
1743 416 1914 465 speciale
1931 417 2000 454 hoc

282 476 458 526 probent.
491 475 620 513 Aliter
649 475 794 512 etenim
823 489 869 513 esc
898 475 1154 513 hereticorum
1183 475 1357 512 similem
1389 475 1455 513 isti
1486 475 1607 513 vitam
1637 475 1866 513 ducentium
1894 476 2000 525 salsa

281 535 496 573 assertione
530 534 627 584 fides
660 543 793 572 nostra
824 535 963 584 sepius
996 534 1193 573 titubaret.
1232 535 1322 585 Ipse
1357 549 1519 585 quoque
1556 535 1747 573 Urbanus
1780 534 1822 572 in
1854 536 2000 574 eadem

282 594 488 633 sententia
518 602 619 632 erat.
652 594 760 633 Nam
789 608 881 633 cum
912 594 1082 644 quidam
1111 609 1161 632 ex
1188 594 1277 632 istis
1309 594 1378 644 qui
1405 603 1498 634 tum
1525 593 1723 645 temporis
1760 594 1929 633 aiebant
1958 610 1999 633 se

282 654 542 693 familiariter
571 652 685 703 loqui
717 668 811 693 cum
845 653 944 701 Deo,
977 654 1084 692 sicut
1115 654 1219 692 solet
1249 654 1363 704 loqui
1403 655 1526 692 homo
1558 654 1610 692 ad
1651 654 1832 693 amicum
1862 669 1999 702 suum,

281 714 520 753 accessisset
541 713 594 751 ad
620 713 851 761 Urbanum,
875 714 992 763 eique
1016 713 1188 752 dixisset
1210 713 1287 752 sibi
1308 713 1394 764 jam
1416 714 1533 752 annis
1558 713 1794 763 quindecim
1816 722 1997 752 contem-

280 773 456 824 plationi
482 772 652 811 vacanti
677 772 719 810 in
744 787 880 811 eremo
907 773 1049 811 divina
1074 773 1328 811 revelatione
1355 773 1616 824 patefactum
1640 788 1726 812 esse
1751 772 1889 824 ipsum
1913 789 1998 812 esse

281 833 609 884 pseudopapam,
637 847 726 870 cum
753 833 817 870 ille
843 833 1114 871 narrationem
1139 847 1269 880 suam,
1295 833 1432 883 inquit
1459 833 1682 871 Gobelinus
1711 833 1904 880 Persona,
1932 848 2001 871 nec

278 893 396 942 signo
422 892 577 930 visibili
604 907 672 929 nec
696 907 804 930 sacre
828 893 1023 942 scripture
1050 892 1272 930 testimonio
1299 892 1562 942 confirmaret,
1584 892 1803 932 tormentis
1831 902 1999 931 coactus

281 961 342 991 est
371 951 493 990 fateri
522 952 766 991 mendacem
795 966 834 990 se
865 952 1004 999 fuisse,
1034 961 1076 990 et
1105 960 1336 992 extremam
1367 952 1525 990 Urbani
1553 952 1774 992 saevitiam
1801 962 1997 1003 expertus

280 1020 400 1059 esset,
432 1011 509 1050 nisi
538 1011 603 1049 ille
633 1011 768 1051 vitam
795 1012 832 1050 ei
862 1011 1057 1050 donasset
1087 1011 1222 1050 victus
1253 1012 1442 1062 precibus
1473 1013 1756 1062 praelatorum
1786 1013 1998 1051 Gallorum

281 1072 351 1122 qui
371 1072 482 1122 apud
503 1086 596 1110 eum
617 1079 749 1110 erant.
775 1072 892 1110 Hanc
913 1086 1034 1122 porro
1054 1066 1273 1109 historiam
1293 1072 1439 1110 debere
1461 1086 1532 1109 nos
1553 1072 1801 1122 profitemur
1822 1072 1997 1111 Odorico

283 1131 516 1181 Raynaldo,
549 1130 619 1181 qui
650 1145 715 1169 an.
751 1131 866 1179 1386,
905 1131 921 1180 ξ
952 1131 989 1179 9,
1029 1145 1121 1170 eam
1152 1131 1348 1169 describit
1388 1146 1439 1170 ex
1480 1131 1693 1170 Gobelino.
1733 1131 1773 1170 Si
1806 1132 1997 1170 Urbanus

280 1191 424 1230 eadem
452 1190 665 1241 aequitate
694 1191 974 1231 examinasset
1001 1191 1297 1229 vaticinatores
1328 1191 1397 1241 qui
1424 1205 1517 1229 eum
1554 1206 1641 1229 esse
1669 1205 1814 1231 verum
1844 1205 1999 1242 papam

279 1251 462 1298 aiebant,
486 1251 600 1288 haud
624 1250 747 1289 dubie
770 1250 998 1289 invenisset
1021 1265 1164 1289 eorum
1187 1251 1395 1289 neminem
1418 1250 1542 1289 fuisse
1573 1251 1761 1289 locutum
1785 1265 1879 1290 cum
1912 1251 1997 1290 Deo

279 1310 381 1349 facie
408 1311 461 1348 ad
487 1309 648 1349 faciem.
679 1309 834 1349 Didicit
860 1309 1145 1361 experimento
1172 1325 1245 1349 suo
1273 1310 1506 1360 Gregorius,
1533 1310 1602 1349 sed
1629 1325 1732 1358 sero,
1767 1311 1890 1349 fidem
1915 1325 1998 1348 non

279 1385 363 1409 esse
399 1369 680 1409 adhibendam
713 1369 802 1408 istis
836 1369 1161 1409 revelationibus
1197 1385 1267 1408 seu
1301 1370 1438 1421 potius
1481 1369 1712 1408 temeritati
1743 1370 1998 1420 jactantium

279 1429 456 1468 visiones
489 1429 676 1480 capitum
706 1444 888 1468 suorum.
924 1430 1077 1468 Narrat
1108 1430 1218 1469 enim
1250 1430 1431 1468 Joannes
1465 1430 1620 1468 Gerson
1651 1429 1693 1467 in
1723 1438 1911 1468 tractatu
1938 1430 1998 1467 De

278 1490 574 1527 examinatione
596 1489 881 1536 doctrinarum,
904 1497 1023 1540 parte
1059 1490 1113 1537 Il,
1137 1489 1338 1528 consider.
1369 1505 1425 1537 iu,
1447 1489 1564 1527 illum
1594 1489 1779 1540 positum
1800 1489 1842 1527 in
1863 1497 1996 1528 extre-

279 1549 370 1597 mis,
390 1549 617 1588 habentem
636 1549 678 1586 in
698 1549 890 1587 manibus
911 1563 1075 1588 sacrum
1095 1549 1247 1587 Christi
1267 1564 1430 1599 corpus,
1449 1557 1733 1600 protestatum
1753 1564 1837 1588 esse
1859 1564 1997 1588 coram

280 1608 470 1647 omnibus
496 1617 537 1646 ut
557 1617 735 1646 caverent
753 1609 804 1646 ab
825 1608 1058 1646 bominibus
1078 1609 1160 1646 sive
1181 1609 1279 1646 viris
1301 1608 1382 1646 sive
1403 1609 1642 1646 mulieribus
1662 1609 1737 1646 sub
1757 1609 1887 1659 specie
1908 1609 1997 1646 reli-

280 1669 413 1718 gionis
434 1668 685 1719 loquentibus
707 1668 880 1705 visiones
901 1669 966 1706 sui
989 1668 1148 1719 capitis,
1172 1669 1267 1719 quia
1288 1683 1358 1719 per
1379 1670 1474 1706 tales
1497 1669 1582 1719 ipse
1611 1669 1809 1716 seductus,
1832 1669 1998 1706 dimisso

278 1743 442 1766 suorum
465 1719 705 1770 rationabili
724 1728 905 1775 consiliO,
929 1742 969 1765 se
993 1736 1164 1766 traoeerat
1186 1737 1220 1766 et
1243 1728 1463 1766 Ecclesiam
1486 1729 1539 1766 ad
1561 1727 1775 1766 discrimen
1797 1728 1997 1766 scismatis

280 1787 541 1834 imminentis,
569 1787 650 1824 nisi
678 1787 902 1825 misericors
926 1788 1146 1837 provideret
1169 1802 1344 1838 sponsus
1371 1789 1502 1826 Jesus.
1533 1787 1689 1836 Quibus
1716 1787 1851 1826 verbis
1879 1802 1995 1838 gene-

278 1846 430 1885 ralibus
452 1855 621 1885 notatos
644 1846 767 1885 fuisse
790 1861 812 1884 a
835 1847 1029 1897 Gregorio
1050 1861 1159 1898 papa
1184 1847 1245 1884 XI
1269 1848 1439 1885 Petrum
1461 1847 1751 1897 Arragonium,
1771 1847 1996 1897 Brigittam

280 1906 505 1953 Suecicam,
527 1921 573 1944 ac
596 1906 865 1946 Catharinam
886 1906 1108 1957 Senensem
1123 1906 1266 1945 scribit
1287 1907 1548 1957 Spondanus,
1571 1921 1636 1945 an.
1662 1906 1777 1954 1378,
1805 1907 1869 1956 §2.
1894 1907 1995 1945 Con-

278 1974 477 2004 sentanea
503 1974 602 2003 sunt
625 1965 705 2003 ista
730 1965 777 2004 iis
805 1980 909 2015 quae
935 1966 1128 2005 eumdem
1155 1966 1397 2016 Gregorium
1422 1966 1669 2006 morientem
1694 1966 1845 2005 dixisse
1870 1966 1996 2004 refert

277 2025 319 2063 in
352 2040 425 2063 sua
460 2025 719 2075 depositione
756 2026 877 2075 Hugo
912 2026 1130 2064 cardinalis
1166 2026 1214 2064 de
1246 2026 1477 2064 Britannia.
1514 2026 1697 2064 Afferam
1730 2034 1873 2065 autem
1905 2025 1994 2076 ipsa

279 2085 403 2123 verba
426 2087 440 2109 2
464 2101 470 2122 :
495 2085 635 2122 Primo
660 2084 744 2135 ipse
767 2085 870 2123 discit
892 2086 994 2135 quod
1015 2086 1172 2135 quando
1196 2085 1383 2123 dominus
1413 2085 1626 2135 Gregorius
1647 2085 1773 2123 sensit
1794 2086 1896 2135 quod
1916 2100 1995 2122 non

278 2153 428 2194 poterat
451 2145 623 2192 evadere,
650 2144 800 2182 vocavit
823 2158 957 2182 omnes
982 2145 1221 2192 cardinaleS,
1246 2153 1281 2182 et
1304 2145 1487 2195 emposuit
1511 2145 1567 2182 eis
1592 2146 1695 2195 quod
1719 2144 1803 2195 ipse
1828 2145 1996 2183 habebat

279 2203 562 2241 conscientiam
586 2218 705 2254 quare
730 2204 895 2242 duxerat
919 2218 982 2241 eos
1007 2205 1059 2242 acl
1085 2204 1176 2242 illas
1201 2213 1334 2254 partes
1357 2213 1392 2242 et
1415 2213 1602 2254 posuerat
1626 2205 1826 2242 Eclesiam
1848 2204 1925 2242 Dei
1952 2205 1995 2242 in

278 2263 467 2313 periculo.
501 2262 611 2301 Nam
640 2263 843 2301 dicebatur
873 2264 976 2313 quod
1004 2272 1093 2314 post
1121 2278 1211 2301 eum
1241 2264 1392 2301 deberet
1420 2264 1575 2301 assumi
1607 2263 1650 2300 in
1678 2278 1830 2314 papam
1888 2278 1994 2305 unus

278 2322 442 2372 quidam
468 2323 598 2360 malus
624 2322 736 2360 homo
762 2331 797 2360 et
822 2323 1068 2372 dyabolicus.
1096 2323 1148 2361 Et
1172 2332 1331 2373 propter
1357 2323 1426 2361 hoc
1451 2324 1616 2372 rogabat
1640 2337 1703 2360 eos
1729 2324 1832 2373 quod
1856 2324 1996 2361 vellent

278 2395 358 2419 esse
380 2381 423 2419 in
443 2382 615 2432 perfecta
634 2382 811 2430 caritate,
832 2390 867 2420 et
886 2382 1073 2431 eligerent
1092 2383 1136 2420 cle
1157 2383 1318 2431 collegio
1339 2382 1512 2433 aliquem
1534 2383 1577 2420 de
1596 2382 1843 2420 notabilibus
1860 2397 1992 2433 perso-

279 2440 343 2478 nis
368 2455 439 2490 que
465 2450 577 2478 erant
604 2441 676 2488 ibi,
703 2450 737 2479 et
763 2455 842 2478 non
868 2450 1053 2479 curarent
1078 2442 1122 2479 de
1148 2442 1277 2491 rigore
1305 2442 1417 2479 illius
1443 2441 1646 2480 decretalis
1679 2442 1758 2480 Ubi
1785 2442 1932 2492 majus,
1959 2450 1996 2479 et

278 2500 506 2549 expedirent
524 2515 563 2537 se
585 2500 659 2538 cito
679 2509 715 2538 et
733 2501 921 2550 eligerent
941 2501 1057 2538 illum
1079 2501 1121 2538 in
1142 2515 1254 2551 quem
1276 2501 1402 2550 major
1422 2515 1517 2551 pars
1535 2502 1550 2525 3
1569 2501 1723 2550 collegii
1744 2501 1992 2539 consentiret.

280 2558 388 2597 Nam
402 2560 486 2609 ipse
499 2560 696 2609 suspende
704 2560 766 2598 bat
780 2560 983 2598 decretalis
1001 2560 1110 2598 illius
1124 2560 1294 2610 rigorem
1309 2569 1343 2598 et
1356 2560 1532 2598 aliarum
1545 2574 1617 2611 que
1629 2561 1844 2610 loquuntur
1860 2561 1903 2598 in
1916 2560 1993 2598 ista

281 2619 446 2656 materia
478 2633 598 2668 usque
628 2619 671 2656 in
704 2633 876 2657 mensem
908 2620 1154 2669 septembris.
1181 2620 1300 2657 Bulla
1333 2619 1516 2670 Gregorii
1557 2619 1619 2656 XI
1652 2634 1732 2669 qua
1774 2619 1992 2670 suspendit

279 2677 453 2726 rigorem
483 2677 589 2716 illius
620 2677 836 2716 decretalis
857 2678 968 2716 edita
999 2687 1061 2717 est
1079 2679 1192 2729 apud
1221 2678 1444 2717 Odoricum
1477 2679 1758 2728 Raynaldum,
1788 2693 1854 2717 an.
1878 2678 1991 2726 1378,

286 2736 301 2783 ξ
325 2735 359 2774 2.
386 2737 558 2786 Propter
580 2751 672 2777 eam
705 2751 874 2777 causam
897 2737 1129 2788 Gregorius,
1153 2737 1223 2788 qui
1245 2738 1517 2788 praevidebat
1533 2738 1618 2777 vim
1639 2738 1803 2775 illatum
1835 2738 1884 2776 iri
1906 2752 1991 2776 car—

280 2795 499 2843 dinalibus,
534 2811 600 2834 eos
635 2797 826 2835 hortatus
860 2805 923 2835 est
956 2797 1008 2835 ad
1042 2797 1285 2836 electionem
1319 2797 1613 2837 festinantiam.
1649 2798 1845 2835 Testatur
1876 2797 1989 2835 istud

280 2868 441 2891 rursum
480 2855 625 2893 Petrus
666 2856 714 2894 de
756 2856 914 2904 Crosso,
963 2857 1000 2895 S.
1045 2857 1092 2895 R.
1139 2857 1185 2895 E.
1236 2856 1500 2902 camerarius,
1547 2856 1666 2894 initio
1718 2856 1988 2907 depositionis

328 2988 360 3020 1.
392 2988 541 3028 Baluze,
569 2996 595 3022 t.
620 3002 672 3030 iv,
699 3002 734 3034 p.
762 2990 843 3024 244.

331 3041 360 3073 2.
392 3041 431 3073 Β.
459 3041 515 3080 Ν.,
540 3054 608 3076 ms.
631 3043 727 3076 latin
748 3043 879 3085 11745,
902 3044 966 3078 fol.
990 3045 1034 3078 37
1057 3049 1101 3077 1⁸0.

329 3094 360 3125 3.
393 3093 631 3128 C’est-a-dire
652 3096 688 3128 la
709 3097 887 3140 majorite
910 3097 973 3131 des
995 3098 1096 3131 deux
1117 3097 1205 3130 tiers
1232 3097 1384 3140 (Valois,
1410 3103 1436 3130 t.
1457 3109 1481 3137 1,
1505 3108 1539 3140 p.
1564 3098 1596 3136 8,
1619 3102 1709 3130 note
1730 3096 1779 3139 1).
