2083 3458
101 226 250 282 [1080]
618 243 833 268 PAPARUM
869 243 1253 268 AVENIONENSIUM
1700 225 1779 265 601

86 324 281 362 habebant
303 324 436 374 ipsum
457 333 646 374 tanquam
664 325 835 374 fatuum,
858 325 952 375 quia
974 326 1055 371 jam
1075 325 1357 374 cognoscebant
1376 338 1464 361 eum
1485 323 1615 373 qualis
1635 330 1728 370 erat,
1750 326 1783 358 el

87 384 196 420 nullo
215 384 326 421 modo
345 392 426 420 erat
445 392 563 433 aptus
582 385 633 421 ad
652 384 952 433 gubernandam
972 384 1190 422 Ecclesiam
1208 398 1219 422 .·
1239 392 1273 421 et
1289 383 1348 421 sic
1366 382 1467 421 discit
1486 382 1587 432 quod
1606 396 1684 418 non
1703 388 1784 418 erat

86 457 207 491 papa.

141 501 199 538 Ea
218 509 467 551 tempestate
485 502 742 539 consecravit
760 502 997 551 episcopum
1016 501 1302 540 Giennensem.
1323 501 1410 547 Qua
1429 501 1477 538 de
1495 515 1535 538 re
1554 513 1646 537 cum
1664 498 1784 535 multi

85 560 301 598 testificati
323 559 418 607 sint,
441 560 625 598 adferam
648 575 721 610 ego
743 569 909 598 tantum
931 561 1216 598 testimonium
1239 560 1379 597 Alvari
1401 559 1581 597 Martini.
1606 558 1669 596 Sic
1690 571 1784 605 ergo

85 619 269 667 loquitur
286 618 298 641 1
326 635 333 656 :
357 619 453 656 Post
475 619 540 656 lzec
562 619 644 657 vidi
676 621 776 669 quod
807 620 991 657 dominus
1020 619 1259 656 Giennensis
1281 619 1430 656 volebat
1450 632 1565 655 suam
1587 630 1784 654 consecra·

88 677 233 715 tionem
262 678 418 727 differre
446 692 492 715 ea:
520 678 725 727 aliquibus
753 679 898 716 causis.
930 678 1009 715 Cui
1039 678 1140 716 dixit
1168 678 1354 715 dominus
1388 676 1656 714 Gebennensis
1685 675 1786 725 quod

85 737 219 774 statim
241 745 541 783 consecraretur,
564 745 598 774 et
620 737 705 786 ipse
728 738 782 775 ita
804 737 952 774 volebat
973 746 1007 774 et
1028 737 1255 775 mandabat.
1280 735 1388 774 Nam
1408 736 1444 773 si
1466 744 1558 773 tunc
1579 749 1658 772 non
1681 734 1786 783 fieret

83 796 320 833 consecratio
342 795 529 845 predicta,
553 796 649 833 talia
670 797 818 833 sciebat
837 796 1036 833 succedere
1059 796 1101 832 in
1120 796 1301 844 futurum
1323 795 1424 845 quod
1443 794 1529 842 ejus
1550 793 1786 831 consecratio

86 854 353 903 impediretur.
377 854 456 891 Cui
477 855 670 904 acquievit
690 856 875 892 dominus
902 854 1152 892 Giennensis.
1180 855 1226 891 Et
1245 862 1490 892 consecratus
1510 861 1564 890 est
1583 867 1607 889 a
1627 851 1786 889 domino

93 913 365 961 Glandatensi‚
395 914 462 963 qui
487 914 617 963 factus
642 914 722 963 suit
749 914 977 951 Hostiensis
1004 928 1073 962 per
1106 914 1327 959 lsss'rbanum‚
1356 921 1390 950 et
1417 913 1460 949 de
1487 912 1573 959 ejus
1602 911 1786 947 mandato

87 973 304 1021 generalem
321 972 413 1021 fecit
431 973 760 1010 consecrationem
780 973 837 1010 ibi
855 980 1031 1022 presente
1050 972 1207 1008 domino
1234 971 1493 1018 Gebennensi,
1514 970 1581 1019 qui
1599 970 1679 1007 sibi
1697 968 1789 1018 jecit

88 1031 306 1080 prandium
326 1040 360 1069 et
377 1032 534 1080 festum.

141 1090 338 1138 Quamvis
365 1099 505 1128 autem
531 1090 573 1128 in
599 1091 875 1140 superioribus
904 1089 1048 1127 obserx
1054 1097 1169 1126 atum
1196 1089 1249 1127 sit
1275 1078 1412 1138 aliqua
1439 1103 1523 1126 esse
1549 1086 1787 1125 testimonia

88 1163 192 1199 quae
209 1150 436 1188 ostendunt
454 1149 671 1188 Urbanum
687 1151 819 1188 multa
836 1149 1003 1188 fecisse
994 1163 1034 1185 ln
1053 1148 1227 1198 oratiam
1244 1148 1361 1185 istius
1377 1146 1595 1185 Bertrandi
1613 1159 1789 1195 ergaque

88 1222 181 1247 eum
213 1224 253 1247 se
285 1209 414 1247 amice
445 1223 492 1247 ac
523 1208 720 1247 benevole
752 1208 958 1255 habuisse,
991 1208 1069 1244 alia
1101 1215 1242 1244 tamen
1274 1214 1370 1244 sunt
1401 1207 1579 1243 multum
1611 1205 1785 1242 diversa.

89 1268 255 1306 Etenim
281 1276 447 1306 constat
473 1281 566 1305 eum
592 1268 724 1317 primo
751 1267 957 1305 difficilem
983 1281 1024 1303 se
1050 1266 1286 1316 praebuisse
1311 1266 1352 1302 in
1378 1279 1501 1303 causa
1527 1264 1787 1314 episcopatus

86 1327 301 1375 Ostiensis,
334 1336 381 1365 ut
413 1335 595 1365 testatur
625 1327 667 1364 in
700 1326 956 1376 depositione
989 1340 1061 1363 sua
1095 1326 1222 1362 frater
1262 1325 1454 1362 Nicolaus
1496 1322 1712 1361 cardinalis
1732 1321 1746 1343 2
1780 1337 1788 1358 ε

90 1386 188 1424 Item
201 1386 403 1424 dicebatur
416 1387 518 1436 quod
530 1386 716 1423 dominus
736 1385 1017 1423 Glandatensis
1029 1392 1109 1421 erat
1124 1384 1291 1432 infestus
1304 1383 1462 1420 domino
1476 1397 1546 1431 pro
1559 1381 1790 1431 episcopatu

87 1444 275 1493 Ostiensi,
299 1459 410 1495 quem
431 1453 565 1495 postea
587 1445 772 1484 obtinuit.
798 1445 859 1481 Ex
882 1443 1138 1494 depositione
1160 1457 1256 1480 vero
1279 1442 1436 1480 Nicolai
1459 1440 1639 1487 Martini,
1661 1438 1791 1477 archi-

88 1504 251 1542 diaconi
279 1504 566 1551 Salamantini,
593 1504 724 1553 liquet
751 1503 941 1542 eumdem
970 1502 1184 1540 Urbanum
1212 1516 1251 1539 se
1279 1500 1572 1539 contumeliose
1599 1498 1790 1536 habuisse

89 1577 182 1613 erga
212 1564 491 1602 Bertrandum
521 1578 568 1602 eo
597 1563 687 1613 ipso
717 1571 904 1613 tempore
936 1577 1016 1611 quo
1048 1562 1333 1611 episcopatum
1365 1559 1595 1597 Ostiensem
1626 1558 1668 1594 in
1698 1570 1790 1594 eum

89 1622 278 1661 contulit.
299 1623 410 1661 Haec
427 1631 524 1660 sunt
539 1623 664 1660 verba
682 1621 841 1660 Nicolai
858 1637 865 1659 ι
886 1622 983 1659 Item
998 1620 1071 1658 scit
1085 1621 1187 1670 quod
1200 1620 1305 1657 dedit
1318 1619 1590 1668 episcopatum
1605 1615 1789 1653 Hostien-

87 1696 168 1719 sem
187 1682 386 1719 cardinali
412 1681 685 1720 Glandatensi.
707 1681 759 1719 Et
777 1680 932 1718 audivit
952 1680 1053 1730 quod
1073 1679 1163 1729 ipsa
1183 1679 1244 1716 die
1264 1693 1373 1727 papa
1390 1677 1482 1727 fecit
1502 1690 1627 1713 unum
1650 1688 1790 1712 sermo-

90 1755 190 1788 nem,
221 1741 263 1778 in
291 1755 365 1791 quo
392 1741 571 1778 laudavit
598 1740 766 1778 multum
794 1740 941 1777 dictum
970 1739 1223 1776 cardinalem.
1254 1738 1305 1775 Et
1332 1745 1417 1786 post
1447 1736 1536 1785 ipsa
1564 1735 1625 1771 ilie
1661 1747 1791 1770 omnes

89 1800 311 1838 cardinales
330 1801 493 1849 suerunt
512 1800 654 1849 pransi
674 1814 763 1837 cum
783 1813 837 1846 eo,
861 1807 902 1836 ut
921 1798 1077 1836 audivit
1098 1798 1167 1834 iste
1187 1796 1306 1835 testis.
1329 1796 1380 1833 Et
1398 1803 1485 1845 post
1505 1793 1722 1843 prandium
1749 1792 1791 1828 in

89 1859 294 1897 collatione
313 1859 551 1909 vituperavit
570 1859 718 1896 dictum
738 1857 981 1896 cardinalem
1007 1856 1322 1894 Glandatensem.
1341 1855 1401 1891 De
1421 1867 1494 1903 quo
1512 1854 1674 1902 suerunt
1693 1851 1793 1888 male

90 1918 259 1956 contenti
277 1918 511 1964 cardinales.
533 1919 666 1965 Quare
685 1931 777 1955 cum
796 1917 955 1954 ratione
974 1916 1241 1953 observatum
1259 1921 1320 1952 cst
1339 1928 1361 1951 a
1379 1913 1611 1961 Waddingo
1628 1911 1669 1947 in
1688 1910 1790 1947 libro

87 1978 146 2016 De
162 1977 424 2027 scriptoribus
441 1977 596 2014 ordinis
614 1975 838 2023 stlinorum,
857 1990 896 2025 p.
917 1975 979 2022 60,
1000 1975 1215 2012 Urbanum
1234 1974 1289 2010 VI
1308 1973 1349 2010 in
1367 1972 1636 2022 pontificatus
1656 1968 1790 2018 auspi-

89 2036 160 2075 ciis
182 2037 291 2074 hunc
313 2036 562 2074 cardinalem
585 2050 744 2085 semper
765 2035 957 2072 habuisse
979 2034 1172 2071 invisum.

142 2095 340 2142 Tandem,
380 2110 473 2133 cum
512 2095 635 2133 ceteri
674 2094 900 2132 cardinales
939 2092 1239 2131 ultramontani
1279 2090 1494 2128 Urbanum
1532 2087 1791 2137 reliquissent

90 2156 222 2193 solum
248 2155 290 2192 in
317 2155 417 2193 urbe
446 2155 592 2201 Roma,
620 2168 744 2203 seque
771 2152 1044 2191 contulissent
1070 2151 1316 2200 Anagniam‚
1342 2147 1595 2186 Bertrandus
1629 2159 1790 2195 quoque

89 2215 185 2252 illuc
205 2228 272 2252 eos
293 2221 457 2252 secutus
478 2221 552 2251 est.
575 2213 837 2250 Adnotatum
867 2219 928 2249 est
949 2219 1089 2249 autem
1110 2224 1131 2247 a
1164 2209 1371 2247 veteribus
1402 2208 1517 2245 illum
1537 2213 1791 2255 postremum

91 2273 275 2311 omnium
301 2272 544 2311 discessisse.
572 2272 748 2309 Alvarus
774 2270 942 2308 Martini
974 2270 1016 2307 in
1050 2268 1306 2319 depositione
1332 2280 1403 2304 sua
1423 2265 1439 2289 3
1466 2282 1472 2289 ·
1465 2264 1637 2304 Medio
1662 2271 1792 2300 autem

89 2340 260 2382 tempore
285 2331 508 2369 cardinales
536 2331 647 2368 ibant
672 2329 909 2379 Anagniam
934 2328 1193 2377 singulariter
1219 2327 1277 2364 vel
1301 2324 1555 2390 9οη]ιιησίι’,ιη
1585 2331 1625 2360 ut
1651 2321 1791 2358 melius

91 2399 281 2441 poterant,
301 2390 375 2428 sub
394 2398 569 2440 pretextu
587 2389 812 2427 comedendi
832 2388 889 2425 ibi
908 2388 1154 2437 provisiones
1170 2400 1278 2432 suas,
1301 2385 1343 2421 in
1360 2392 1513 2421 tantum
1532 2382 1633 2447 quod
1651 2381 1694 2418 de
1713 2394 1791 2416 non

96 2450 266 2488 Ytalicis
289 2464 368 2486 non
391 2457 665 2486 remanserunt
687 2448 808 2485 Rome
831 2447 935 2484 circa
956 2447 1100 2495 festum
1122 2445 1249 2482 sancti
1276 2442 1477 2480 Joliannzs
1501 2441 1583 2478 nisi
1606 2439 1791 2477 dominus

98 2508 379 2555 Gebennensis,
413 2508 480 2558 qui
510 2507 590 2557 suit
619 2506 970 2557 antepenultimus‚
1003 2513 1037 2542 et
1067 2504 1252 2541 dominus
1284 2503 1329 2539 de
1359 2500 1581 2549 Aragonia
1614 2498 1681 2548 qui
1711 2496 1790 2546 suit

91 2567 350 2618 penultimus,
375 2575 409 2605 et
432 2566 618 2604 dominus
648 2564 942 2611 Glandatensis,
968 2563 1035 2613 qui
1066 2562 1146 2612 suit
1170 2561 1348 2607 ultimus,
1380 2573 1450 2609 pro
1473 2573 1514 2596 eo
1546 2557 1647 2607 quod
1671 2556 1791 2593 iverat

90 2641 209 2664 suum
235 2627 395 2664 titulum
421 2625 637 2663 visitatum.
670 2625 774 2662 Item
803 2623 1043 2661 Fernandus
1070 2621 1194 2667 Petri,
1231 2620 1408 2657 decanus
1444 2613 1756 2655 Tirasonensis4
1783 2630 1791 2652 ε

97 2685 272 2724 Ultimus
295 2683 515 2723 cardinalis
538 2683 606 2733 qui
629 2683 785 2721 recessit
809 2683 853 2720 de
876 2683 1003 2719 Roma
1024 2681 1104 2729 suit
1133 2677 1424 2717 Glandatensis.
1451 2675 1614 2714 Garsias
1639 2674 1791 2712 electus

93 2744 303 2783 Auriensis
328 2743 430 2781 dixit
453 2743 555 2792 quod
578 2742 663 2792 ipse
688 2742 759 2779 ivit
781 2755 869 2779 cum
893 2739 1090 2778 cardinali
1121 2736 1392 2782 Glandatensi‚
1418 2735 1485 2785 qui
1507 2734 1586 2782 suit
1610 2733 1794 2770 ultimum

93 2804 475 2854 ultramontanorum
498 2801 566 2850 qui
590 2801 744 2838 iverunt
765 2799 1013 2848 Anagniam.

206 2946 246 2978 B.
275 2944 332 2989 N„
359 2955 426 2976 ms.
452 2943 548 2976 latin
572 2942 700 2982 11745,
727 2942 792 2975 fol.
819 2942 886 2974 107
913 2945 963 2973 νο.

203 2998 270 3031 Ms.
301 2997 384 3036 cite,
413 2996 475 3029 fol.
505 2996 549 3028 73
576 3000 620 3028 r⁰.

204 3051 271 3084 Ms.
302 3050 384 3089 cite,
413 3049 476 3083 fol.
505 3049 573 3081 107
603 3052 653 3081 v0.

167 3130 175 3138 .
205 3104 271 3137 Ms.
302 3103 385 3141 cite,
414 3101 476 3134 fol.
506 3101 575 3134 176
601 3105 646 3134 r0.

141 2946 176 3137 *sager*—
