2083 3458
66 240 216 296 [1372]
582 257 799 283 PAPARUM
834 257 1218 283 AVENIONENSIUM
1664 242 1746 283 885

52 352 232 388 quonam
247 338 369 376 modo
394 338 564 377 historia
591 338 734 377 mortis
761 339 848 388 ejus
875 339 1089 387 referatur,
1111 353 1164 377 an
1178 340 1404 378 secundum
1421 341 1599 378 Annales
1619 341 1745 378 Fran-

52 397 165 444 cicos,
198 397 263 435 vel
294 397 519 436 secundum
554 398 852 436 Froissartum?
888 397 993 435 Nam
1027 406 1192 436 constat
1225 398 1339 436 illum
1371 399 1573 437 horrendo
1603 400 1744 438 mortis

52 470 194 506 genere
207 455 422 503 interiisse,
435 465 483 494 ut
495 456 594 505 dixi,
608 471 738 507 neque
751 471 1101 507 supervacaneam
1114 472 1198 495 esse
1211 457 1542 496 observationem
1556 458 1743 508 Gaguini.

51 515 217 553 Certum
239 515 389 565 quippe
410 523 472 553 est
491 516 600 554 hunc
624 516 822 554 Karolum
844 515 964 554 fuisse
985 515 1194 554 hominem
1214 516 1437 567 pessimum
1458 525 1498 554 et
1519 517 1743 556 crudelissi-

51 580 165 611 mum
193 573 444 624 dignumque
474 574 630 613 ultione
660 575 814 622 divina,
845 574 895 612 ob
925 574 1047 625 idque
1077 575 1223 613 merito
1252 589 1274 612 a
1308 576 1525 625 Raynaldo
1554 576 1744 614 additum

49 632 236 684 partibus
269 633 425 671 Urbani
454 633 524 681 VI,
554 633 631 671 viri
660 633 927 672 crudelissimi
956 641 996 671 et
1025 633 1285 672 immanitate
1315 635 1491 673 barbari.
1525 636 1582 673 De
1613 644 1743 674 morte

49 706 169 742 porro
201 691 318 729 istius
352 691 454 741 regis
488 700 605 730 extat
636 692 677 729 in
709 692 853 731 eodem
885 692 1021 731 codice
1055 692 1322 731 Colbertino1
1355 693 1528 744 epistola
1558 695 1743 741 Joannis,

51 750 230 801 episcopi
252 750 468 800 Aquensis,
490 751 542 788 ad
564 766 743 789 sororem
764 752 850 801 ejus
872 751 1112 799 Blancham‚
1134 751 1305 789 viduam
1328 752 1506 803 Philippi
1537 753 1609 800 VI,
1641 754 1742 803 regis

52 810 315 848 Francorum.

104 869 147 907 P.
173 868 265 916 500,
291 868 358 918 lig.
385 869 421 907 6.
451 869 565 906 F1L1A
593 884 700 907 meri
739 884 875 908 Duc1s.
911 869 1169 908 C’est-a-dire
1205 869 1421 908 Catherine
1449 871 1512 918 (G.
1551 871 1742 918 Daumet‚

50 919 176 965 Etude
196 942 265 965 sur
285 927 484 966 l’alliance
504 929 548 966 de
568 929 606 966 la
626 929 778 966 France
797 936 831 966 et
850 929 894 966 de
914 929 952 966 la
971 928 1134 966 Castille
1153 943 1206 966 au
1227 934 1332 961 XIVe
1361 937 1395 967 et
1422 944 1475 967 aa
1504 935 1588 961 ΧΠ
1616 930 1742 977 siecle,

51 986 178 1033 Paris,
203 986 318 1034 1898,
341 1001 381 1037 p.
405 986 539 1034 46-51‚
562 987 643 1036 54).

103 1046 146 1084 Ρ.
168 1045 258 1093 500,
278 1045 345 1095 lig.
367 1045 429 1084 26.
452 1046 661 1084 GUELRIE.
685 1046 850 1085 Lavisse
868 1046 1061 1095 (Histoire
1081 1047 1125 1084 de
1145 1047 1312 1094 France,
1331 1054 1362 1085 t.
1380 1061 1422 1084 1v
1436 1047 1463 1094 ¹,
1481 1062 1520 1098 p.
1538 1047 1741 1093 295-290).

102 1105 146 1143 P.
171 1104 261 1152 501,
284 1105 350 1154 lig.
377 1105 438 1144 14.
464 1106 551 1142 PER
574 1120 682 1143 men
707 1119 890 1143 TEMPUS.
918 1105 975 1143 Ea
999 1105 1252 1144 concertatio
1284 1105 1419 1156 coepit
1441 1121 1549 1144 anno
1573 1107 1744 1145 MCCCL

51 1164 254 1211 XXXIV,
279 1178 359 1213 quo
383 1164 551 1214 quidam
572 1179 590 1202 e
609 1164 800 1202 sodalitio
818 1164 993 1202 fratrum
1013 1164 1348 1202 praedicatorum
1369 1165 1507 1215 palam
1524 1174 1565 1204 et
1582 1166 1743 1216 publice

48 1222 221 1261 asseruit
250 1223 417 1261 beatam
443 1223 642 1273 virginem
666 1223 837 1262 Mariam
865 1223 987 1261 fuisse
1013 1232 1255 1273 conceptam
1278 1223 1318 1261 in
1343 1233 1514 1274 peccato
1545 1225 1743 1275 originali,

49 1281 110 1320 uti
139 1281 339 1332 scriptum
370 1291 432 1320 est
461 1283 502 1320 in
541 1291 655 1320 tomo
685 1297 726 1320 1v
757 1283 865 1320 Hist.
900 1282 1181 1320 Universitatis
1212 1282 1361 1329 Paris,
1392 1298 1432 1333 p.
1465 1283 1553 1322 599.
1590 1285 1625 1322 Is
1667 1284 1744 1322 fuit

49 1342 227 1379 Joannes
247 1341 295 1379 de
315 1342 571 1389 Montesono‚
589 1341 666 1388 vir,
684 1350 731 1379 ut
754 1341 867 1379 Vitae
886 1341 1028 1379 Karoli
1053 1342 1112 1379 VI
1129 1350 1272 1379 auctor
1292 1341 1349 1379 ait
1368 1341 1395 1389 2,
1411 1341 1551 1380 *multis
1568 1343 1745 1393 equidem

47 1401 212 1438 laudam
244 1400 372 1438 titulis
403 1401 656 1448 extollendus,
691 1400 771 1438 nisi
806 1400 967 1438 devians
998 1415 1022 1438 a
1054 1400 1222 1438 rationis
1263 1401 1416 1439 tramite
1448 1401 1745 1452 limpitudinem

49 1459 202 1509 ingenii
221 1460 321 1497 tanti
339 1459 415 1497 viri
432 1460 622 1510 superbia
641 1460 894 1498 obscurasset.
916 1460 1020 1498 Sane
1040 1460 1082 1497 in
1099 1474 1174 1497 sua
1191 1459 1324 1510 prima
1342 1460 1500 1498 lectione
1524 1462 1745 1510 magistrali

47 1527 344 1569 preconceptum
365 1519 415 1556 ab
436 1519 599 1569 antiquo
621 1519 753 1556 dirum
775 1519 884 1556 virus
905 1519 1040 1568 efflans
1063 1533 1141 1556 non
1161 1519 1252 1556 sani
1275 1520 1469 1568 dogmatis
1492 1520 1534 1557 in
1566 1521 1744 1558 christia-

47 1591 187 1615 norum
221 1578 456 1615 scandalum
491 1586 525 1616 et
560 1578 746 1628 precipue
783 1579 911 1616 devote
944 1578 1233 1627 famulantium
1269 1578 1385 1616 matri
1418 1579 1585 1617 Domini
1623 1579 1746 1617 nostri

49 1637 171 1674 Jliesu
201 1636 350 1674 Christi
381 1638 525 1675 multas
552 1637 843 1688 propositiones
871 1637 1005 1687 posuit
1033 1638 1084 1675 ad
1113 1637 1232 1674 istum
1262 1637 1382 1687 finem
1407 1639 1616 1686 tendentes,
1647 1640 1747 1689 quod

48 1696 137 1746 ipsa
167 1704 350 1746 concepta
378 1696 457 1745 suit
488 1696 530 1738 in
561 1696 752 1745 originali
782 1704 949 1746 peccam.

100 1755 143 1793 P.
170 1755 260 1803 501,
284 1755 351 1805 lig.
379 1755 439 1794 18.
468 1756 585 1793 FERE
610 1771 653 1793 IN
679 1770 786 1794 T0To
814 1770 972 1794 REGNO.
1002 1755 1059 1794 De
1084 1755 1184 1793 urbe
1209 1755 1534 1806 Rothomagensi
1566 1765 1747 1795 testatur

46 1822 164 1853 vetus
191 1823 336 1853 auctor
361 1814 548 1852 Chroniczl
576 1814 852 1853 Normanniae
886 1829 960 1853 ms.
987 1814 1026 1852 in
1054 1814 1192 1853 codice
1216 1813 1320 1852 1424
1356 1815 1630 1854 bibliothecae
1660 1817 1746 1854 Col-

45 1873 229 1912 bertinae
245 1872 274 1922 3,
309 1874 526 1923 Hugonem
559 1874 760 1912 decanum
791 1874 1168 1924 Rothomagensem
1206 1887 1314 1911 anno
1334 1874 1746 1913 MCCCLXXXVIII

45 1932 86 1970 in
113 1933 440 1982 quadragesima,
469 1947 561 1971 cum
587 1948 659 1971 rex
688 1933 863 1971 Karolus
892 1933 948 1971 VI
976 1941 1082 1971 esset
1110 1933 1151 1971 in
1189 1947 1235 1971 ea
1261 1933 1375 1981 urbe,
1402 1933 1454 1971 ad
1481 1948 1575 1971 eum
1601 1934 1747 1973 adiisse

45 1991 291 2030 comitatum
333 2006 482 2041 magno
524 2007 694 2031 numero
736 1992 952 2030 doctorum
994 1991 1229 2031 academiae
1267 1992 1518 2040 Parisiensis,
1551 1993 1619 2043 qui
1657 2002 1747 2031 tum

47 2065 208 2101 quoque
225 2059 343 2089 erant
362 2051 403 2089 in
418 2051 561 2089 eadem
576 2052 675 2090 urbe
695 2051 1031 2102 Rothomagensi,
1048 2059 1088 2089 et
1103 2065 1240 2089 coram
1255 2066 1301 2089 eo
1314 2051 1476 2102 publice
1491 2052 1747 2102 praedicasse

44 2119 86 2148 et
113 2110 338 2148 ostendisse
366 2110 511 2149 fratres
539 2110 846 2149 praedicatores
874 2125 1006 2149 errare
1035 2118 1177 2149 contra
1211 2110 1348 2158 fidem,
1377 2125 1508 2160 neque
1528 2111 1568 2148 id
1593 2126 1747 2149 novum

44 2183 143 2217 esse,
179 2169 249 2207 sed
275 2169 362 2219 jam
390 2170 526 2208 seculo
553 2170 711 2220 integro
737 2184 914 2208 errorem
942 2184 1008 2208 eos
1038 2184 1158 2207 suum
1184 2169 1383 2217 docuisse,
1412 2177 1453 2207 et
1479 2185 1586 2208 nunc
1611 2170 1748 2208 conari

43 2228 243 2278 populum
276 2228 468 2267 inducere
495 2229 537 2266 in
564 2243 740 2267 errorem
768 2237 910 2267 contra
944 2228 1080 2266 fidem.
1115 2228 1245 2266 Erant
1274 2237 1365 2266 tum
1393 2229 1643 2280 Rothomagi
1666 2230 1748 2267 duo

45 2287 190 2325 fratres
221 2287 466 2338 principales
502 2287 608 2326 inter
638 2303 718 2335 eos,
753 2301 928 2338 quorum
960 2302 1065 2335 unus
1102 2287 1332 2326 vocabatur
1361 2287 1487 2326 frater
1519 2288 1746 2327 Richardus

45 2346 186 2394 Maria,
215 2346 317 2385 alter
338 2346 465 2385 frater
494 2346 737 2397 Radulphus
765 2347 968 2385 Morellus.
999 2346 1052 2384 Hi
1078 2361 1171 2396 ergo
1198 2360 1290 2385 cum
1316 2346 1417 2384 nihil
1434 2347 1547 2385 saevi
1569 2347 1747 2398 suspica-

44 2413 185 2443 rentur
207 2397 462 2444 commotum
478 2405 525 2444 iri
543 2406 763 2445 adversum
777 2421 832 2453 se,
853 2405 965 2443 domi
979 2420 1019 2444 se
1040 2405 1292 2452 continuere,
1309 2406 1497 2455 quamvis
1513 2407 1747 2457 exemplum

39 2464 243 2503 haberent
284 2465 559 2514 quorumdam
596 2465 799 2503 sociorum
839 2479 1020 2512 suorum,
1060 2464 1130 2514 qui
1165 2464 1264 2502 urbe
1303 2474 1574 2504 excesserant.
1611 2465 1745 2504 Finita

45 2523 228 2562 oratione
261 2523 418 2571 decani,
454 2524 565 2562 missi
596 2532 693 2562 sunt
727 2523 796 2574 qui
833 2538 899 2562 eos
936 2523 1329 2574 comprehenderent
1367 2531 1408 2562 et
1440 2523 1481 2561 in
1516 2524 1747 2563 custodiam

43 2582 269 2630 traderent,
296 2591 337 2621 et
365 2591 509 2633 postea
532 2583 688 2621 remissi
719 2583 760 2621 in
788 2597 988 2622 carcerem
1016 2582 1302 2633 episcopalem.
1330 2582 1402 2621 Die
1429 2583 1522 2621 dein
1543 2583 1747 2622 dominica

44 2641 201 2680 mediae
234 2641 569 2692 quadragesimae
601 2642 642 2679 in
673 2641 840 2680 ecclesia
871 2641 1097 2680 cathedrali
1126 2641 1236 2680 facto
1266 2656 1317 2679 ex
1343 2655 1454 2680 more
1483 2656 1667 2681 sermone
1695 2644 1747 2681 ad

42 2700 243 2750 populum
280 2716 359 2751 >per
407 2701 628 2751 quemdam
670 2701 839 2739 fratrem
881 2700 1229 2750 Augustinianum
1270 2709 1467 2739 vocatum
1506 2701 1749 2752 magistrum

45 2760 248 2797 Joannem
282 2761 530 2807 Romanum,
571 2760 732 2811 publice
770 2759 1029 2810 pronuntiati
1073 2768 1171 2798 sunt
1212 2759 1572 2808 excommunicati,
1610 2760 1748 2811 eisque

42 2818 298 2868 prohibitum
323 2827 385 2857 est
412 2833 460 2857 ne
489 2819 701 2858 conciones
726 2819 885 2869 uspiam
903 2819 1116 2866 haberent,
1137 2833 1238 2857 neve
1258 2818 1364 2856 irent
1383 2819 1435 2856 ad
1457 2819 1748 2870 processiones.

45 2877 99 2915 Et
120 2877 446 2916 exsibilabantur
466 2893 538 2928 per
561 2886 697 2916 totam
719 2878 877 2925 urbem,
901 2886 942 2916 et
964 2877 1223 2916 vocabantur
1257 2877 1396 2916 Hueti.
1421 2878 1472 2915 Et
1486 2879 1547 2916 les
1573 2878 1663 2917 huet
1685 2895 1749 2931 on²

93 3013 125 3046 1.
146 3013 213 3047 Ms.
234 3013 318 3053 cite,
338 3014 401 3047 fol.
422 3015 465 3047 57
485 3019 536 3054 νο,
556 3020 594 3047 et
612 3015 819 3057 Bellaguet,
838 3019 865 3046 t.
883 3025 907 3053 1,
927 3025 962 3057 p.
982 3013 1064 3046 468.

99 3067 130 3100 2.
160 3066 368 3111 Bellaguet‚
392 3074 419 3101 t.
439 3079 464 3108 1,
488 3080 522 3111 p.
545 3067 627 3100 490.
673 3093 677 3097 .

92 3119 126 3152 3.
156 3119 197 3153 B.
231 3120 289 3160 Ν.,
319 3132 387 3154 ms.
418 3120 581 3162 francais
611 3120 716 3160 5391,
746 3119 809 3153 fol.
841 3120 941 3153 61v0.
