2083 3458
274 195 355 236 566
921 211 1071 235 NOTAE
1106 211 1166 235 AD
1201 210 1328 235 VITAS
1816 193 1969 249 [1050]

275 296 458 333 monium
500 295 608 332 Petri
650 294 697 332 de
748 294 904 341 Crosso,
946 293 1242 343 archiepiscopi
1277 292 1527 332 Arelatensis
1548 293 1561 316 1
1594 310 1601 332 :
1632 295 1729 333 Item
1768 296 1870 346 quod
1908 305 1982 334 tres

273 354 495 392 cardinales
523 353 670 391 Ytalici
691 361 937 391 accesserunt
956 353 1008 390 ad
1028 352 1165 390 villam
1186 352 1222 389 F
1226 353 1424 390 undorum
1443 367 1564 403 super
1581 362 1747 393 tractatu
1768 355 1982 402 electionis,

273 422 307 451 et
323 413 486 463 quilibet
504 412 684 462 ipsorum
700 411 952 462 presumebat
968 412 1071 462 quod
1085 411 1293 461 eligeretur
1320 411 1363 449 in
1379 427 1543 462 papam.
1567 413 1672 452 Item
1695 414 1984 453 testimonium

273 472 412 511 Alvari
444 471 611 510 Martini
640 471 765 521 legati
794 471 897 521 regis
929 472 1129 509 Castellae
1168 471 1220 509 ad
1255 471 1544 521 inquirendam
1585 473 1807 511 veritatem
1844 487 1982 512 rerum

273 540 481 582 gestarum
508 531 551 569 in
581 530 742 569 duabus
772 530 1062 576 electionibus3
1094 530 1176 580 qui,
1206 530 1315 569 inter
1344 538 1492 578 cetera,
1522 532 1693 581 loquens
1724 533 1773 570 de
1803 532 1984 583 Agapito

273 591 485 637 Columna,
523 603 645 640 quem
682 589 874 628 Urbanus
917 598 1103 629 recenter
1146 598 1360 628 creaverat
1395 591 1658 639 cardinalem,
1694 590 1788 629 ait2
1824 608 1830 629 :
1871 592 1986 630 Tunc

272 650 374 688 discit
394 649 509 687 nobis
531 650 634 686 idem
654 648 860 698 Agapitus
878 649 981 699 quod
998 648 1079 686 sibi
1097 648 1178 698 fuit
1194 647 1343 687 dictum
1361 658 1396 687 et
1415 650 1601 688 assertive
1619 650 1772 688 dicebat
1791 643 1894 701 q'uod
1909 659 1984 689 tres

272 709 494 747 cardinales
524 708 658 746 Italici
691 708 956 757 interfuerunt
985 708 1165 746 electioni
1197 707 1423 756 Clementis,
1460 709 1618 747 credens
1655 724 1789 747 eorum
1820 710 1985 760 quilibet

272 768 373 820 quod
392 768 599 817 eligeretur
621 767 664 805 in
684 781 849 817 papam,
872 775 906 805 et
925 767 1031 817 facta
1051 767 1235 805 electione
1252 767 1388 806 statim
1406 778 1646 807 recesserunt
1662 769 1712 807 ab
1728 769 1785 806 eis
1803 778 1838 808 et
1853 778 1984 808 tamen

272 842 351 866 non
373 827 528 865 iverunt
547 827 600 864 ad
626 826 848 865 Urbanum.
879 826 984 865 Item
1019 826 1305 865 testimonium
1330 827 1488 865 Nicolai
1512 827 1728 878 Mesquini,
1762 829 1983 867 cardinalis

273 887 411 925 Sancti
440 886 611 935 Cyriaci,
641 885 757 935 cujus
793 886 894 925 haec
928 894 1027 925 sunt
1054 886 1179 925 verba
1199 885 1215 909 3
1243 902 1250 925 :
1280 886 1416 924 Causa
1450 895 1580 925 autem
1615 902 1734 937 quare
1759 888 1984 926 cardinales

271 955 345 985 tres
371 945 504 984 Italici
529 960 608 983 non
630 945 817 983 adherent
839 945 998 984 domino
1022 954 1153 983 nostro
1176 946 1286 984 credo
1310 946 1412 996 quod
1432 947 1485 984 sit
1506 961 1640 984 eorum
1663 946 1857 996 confusio,
1889 947 1985 998 quia

271 1006 571 1055 confunduntur
584 1019 629 1043 eo:
642 1019 683 1042 eo
698 1005 801 1054 quod
814 1004 1079 1054 interfuerunt
1091 1004 1270 1043 electioni
1284 1005 1490 1055 antipape,
1506 1006 1594 1044 licet
1608 1020 1687 1044 non
1701 1007 1982 1055 consenserint,

271 1073 306 1103 et
319 1064 522 1115 protestati
537 1065 702 1114 fuerunt
716 1079 756 1101 se
774 1065 875 1102 nolle
891 1064 1120 1103 consentire.
1144 1064 1233 1114 Ipsi
1250 1065 1358 1102 enim
1374 1065 1592 1103 ambitione
1609 1065 1716 1113 moti,
1735 1066 1804 1103 sed
1819 1066 1981 1116 decepti,

272 1123 612 1162 iverunthundos
634 1123 771 1162 habita
792 1124 1058 1174 promissione
1079 1139 1103 1161 a
1124 1124 1401 1161 cardinalibus
1424 1125 1732 1162 ultramontanis
1754 1126 1857 1175 quod
1878 1140 1984 1163 unus

270 1198 403 1222 eorum
435 1183 642 1233 eligeretur
675 1183 719 1220 in
750 1183 1002 1233 antipapam.
1038 1183 1182 1221 Postea
1215 1183 1296 1233 ipsi
1335 1183 1483 1221 Ytalici
1516 1183 1689 1221 videntes
1720 1198 1760 1221 se
1792 1185 1980 1234 deceptos,

270 1243 439 1292 confusi,
462 1257 541 1280 non
560 1251 654 1280 sunt
672 1243 764 1280 ausi
783 1242 975 1292 respicere
993 1242 1137 1292 faciem
1157 1242 1324 1291 domini,
1345 1243 1413 1280 sed
1432 1242 1667 1281 invenerunt
1685 1243 1841 1282 tertiam
1861 1244 1981 1292 viam,

269 1303 417 1340 scilicet
445 1303 489 1340 de
518 1302 697 1340 concilio.
732 1302 834 1340 Cum
864 1302 964 1341 haec
993 1302 1053 1340 ita
1084 1302 1180 1350 sint,
1213 1302 1364 1340 mirum
1398 1311 1460 1341 est
1491 1302 1694 1341 Thomam
1734 1303 1782 1341 de
1821 1302 1981 1342 Acervo

270 1363 508 1412 episcopum
537 1361 797 1409 Lucerinum,
826 1361 1071 1400 acerrimum
1099 1361 1356 1401 defensorem
1382 1363 1565 1412 partium
1596 1362 1767 1412 Urbani,
1795 1362 1982 1412 adeoque

269 1422 479 1460 inimicum
505 1421 727 1471 capitalem
750 1421 1022 1459 cardinalium
1049 1421 1301 1469 Italicorum,
1320 1422 1478 1459 nullam
1500 1422 1697 1460 adversus
1721 1436 1787 1460 eos
1810 1423 1982 1472 promis-

269 1481 391 1519 sionis
419 1481 537 1518 istius
566 1481 821 1519 mentionem
848 1480 989 1518 fecisse
1002 1479 1028 1518 4.
1059 1479 1130 1518 Ait
1156 1480 1266 1519 enim
1292 1488 1462 1518 tantum
1498 1481 1724 1519 cardinales
1753 1482 1981 1520 ultramon-

270 1548 403 1588 tanos,
431 1541 500 1589 qui
524 1540 566 1578 in
592 1540 744 1590 oppido
772 1539 1012 1578 Fundorum
1037 1548 1169 1587 erant,
1195 1554 1264 1589 per
1287 1540 1577 1577 subtilissimas
1601 1541 1771 1578 astutias
1795 1549 1830 1579 et
1853 1555 1982 1578 versu-

271 1600 347 1637 tias
372 1599 589 1646 verborum,
617 1599 835 1646 literarum,
863 1607 896 1637 et
920 1599 1242 1637 ambasciatorum
1266 1599 1441 1638 traxisse
1466 1599 1574 1649 ipsos
1595 1607 1669 1637 tres
1695 1599 1871 1638 Ytalicos
1895 1609 1986 1650 post

269 1673 309 1696 se
331 1659 374 1696 de
397 1673 527 1696 mense
549 1658 712 1707 augusti
737 1673 858 1708 usque
879 1659 932 1695 ad
952 1658 1149 1696 civitatem
1170 1658 1322 1706 Suesie,
1347 1673 1393 1697 ac
1416 1667 1626 1708 postremo
1650 1659 1701 1696 ad
1733 1659 1844 1697 idem
1868 1660 1982 1709 oppi-

271 1718 369 1756 dum
399 1718 652 1765 Fundorum,
681 1726 716 1755 et
742 1732 831 1755 cum
858 1717 1135 1767 cogitavissent
1160 1718 1287 1767 facere
1316 1732 1442 1755 unum
1468 1718 1722 1768 antipapam,
1751 1727 1786 1756 et
1812 1727 1984 1757 tenentes

271 1777 339 1815 hoc
352 1786 490 1816 secrete
503 1777 750 1815 simularunt
765 1791 891 1814 unum
905 1777 1132 1825 consilium,
1149 1777 1201 1814 ad
1215 1777 1317 1827 quod
1331 1786 1518 1815 vocarunt
1533 1778 1654 1816 dictos
1670 1786 1744 1816 tres
1759 1777 1984 1816 cardinales

277 1836 463 1884 Ytalicos,
494 1836 562 1887 qui
588 1836 673 1885 jam
701 1845 812 1874 erant
840 1836 999 1874 Fundis
1027 1837 1080 1874 ad
1106 1837 1367 1874 resistendum
1395 1837 1452 1874 eis
1480 1845 1521 1874 ut
1546 1851 1626 1874 non
1652 1837 1901 1886 procederent
1932 1838 1985 1875 ad

268 1896 497 1945 faciendum
519 1896 772 1945 antipapam,
797 1904 831 1933 et
852 1910 942 1933 cum
963 1904 1090 1933 essent
1111 1910 1244 1932 omnes
1266 1896 1401 1942 simul,
1427 1896 1536 1933 nullo
1557 1896 1660 1945 sacto
1684 1897 1741 1933 vel
1762 1896 1981 1934 communi-

271 1963 352 1993 cato
383 1955 549 1993 consilio
580 1955 756 1993 absolute
788 1955 1020 2004 inceperunt
1051 1955 1213 1993 induere
1244 1955 1451 1992 dominum
1489 1955 1782 1992 Gebennensem
1809 1956 1982 1994 vestibus

270 2014 489 2064 papalibus
505 2023 538 2053 et
554 2014 740 2052 dixerunt
752 2028 764 2052 :
779 2014 981 2051 Dominus
1004 2014 1274 2052 Gebennensis
1290 2023 1345 2052 est
1360 2029 1481 2064 papa.
1502 2015 1631 2053 Addit
1648 2023 1790 2053 autem
1806 2024 1951 2064 postea
1971 2031 1978 2052 :

273 2073 360 2123 Ipsi
379 2083 509 2111 autem
533 2073 681 2112 Ytalici
699 2073 768 2111 lzoc
786 2074 958 2111 videntes
975 2074 1110 2111 statim
1127 2073 1276 2112 turbati
1295 2082 1489 2111 verterunt
1506 2088 1640 2111 eorum
1658 2074 1789 2112 vultus
1806 2083 1841 2112 et
1857 2082 1978 2124 terga,

270 2141 304 2170 et
320 2133 530 2171 dixerunt:
550 2133 635 2170 Nos
653 2147 732 2170 non
750 2132 931 2171 venimus
947 2133 999 2170 ad
1014 2133 1095 2180 hoc,
1116 2147 1184 2171 nec
1201 2134 1468 2171 consentimus
1496 2133 1539 2170 in
1555 2133 1636 2181 hoc,
1657 2133 1846 2183 quoniam
1863 2133 1978 2171 habe-

271 2206 357 2229 mus
389 2192 510 2229 Rome
543 2206 668 2229 unum
699 2206 862 2242 papam.
904 2192 1016 2230 Unde
1049 2206 1118 2229 nos
1149 2206 1364 2242 possumus
1394 2192 1535 2230 habere
1566 2192 1694 2230 alium
1725 2206 1887 2242 papam.
1927 2193 1980 2230 Et

268 2252 402 2289 statim
432 2251 646 2289 insalutato
676 2251 827 2301 hospite
856 2260 1095 2289 recesserunt
1122 2259 1157 2289 et
1183 2251 1327 2289 reversi
1353 2251 1517 2300 suerunt
1545 2251 1745 2290 Suessam.
1781 2252 1880 2289 Inde
1910 2266 1976 2290 eos

268 2310 388 2348 ivisse
415 2311 473 2348 ait
499 2311 551 2348 ad
578 2318 760 2349 castrum
787 2311 1036 2359 Talliacossi,
1065 2311 1175 2360 quod
1201 2319 1290 2349 erat
1316 2311 1533 2349 cardinalis
1562 2311 1610 2348 de
1638 2311 1809 2358 Ursinis,
1834 2310 1976 2361 ibique

271 2369 465 2407 mansisse
491 2384 619 2420 usque
644 2370 696 2407 ad
721 2379 898 2411 mortem
922 2370 1106 2419 ejusdem
1132 2370 1366 2418 cardinalis,
1392 2384 1496 2419 quae
1520 2371 1644 2420 paulo
1669 2378 1763 2419 post
1788 2370 1974 2420 contigit.

270 2428 363 2465 Post
389 2429 455 2466 hec
472 2428 486 2450 5
514 2437 644 2466 autem
672 2429 895 2466 cardinales
923 2429 1181 2467 Florentinus
1213 2438 1247 2466 et
1280 2429 1612 2476 Mediolanensis,
1635 2428 1786 2478 inquit,
1810 2429 1905 2479 quia
1932 2443 1978 2466 ex

270 2496 378 2525 tanta
412 2502 520 2525 mora
553 2497 586 2525 et
618 2503 664 2525 ex
696 2488 791 2525 aliis
823 2488 1045 2526 sentiebant
1069 2503 1108 2525 se
1134 2488 1345 2538 offendisse
1370 2488 1577 2525 dominum
1603 2496 1793 2536 nostrum,
1816 2496 1900 2526 tum
1932 2503 1977 2526 ea*

270 2547 404 2583 timore
432 2547 613 2596 aliquali,
644 2556 726 2585 tum
754 2562 800 2585 ex
827 2547 1061 2585 verecundia
1090 2561 1169 2584 non
1196 2555 1384 2584 venerunt
1410 2548 1462 2584 ad
1489 2547 1624 2596 ipsum
1652 2547 1859 2584 dominum
1887 2561 1974 2584 nos-

270 2614 384 2652 trum,
407 2607 474 2643 sed
494 2606 705 2655 querebant
725 2606 775 2644 ab
796 2621 838 2644 eo
859 2615 961 2645 certa
982 2614 1110 2656 pacta,
1134 2606 1300 2644 volentes
1321 2606 1491 2643 colorare
1512 2606 1702 2654 defectum
1722 2620 1869 2651 eorum,
1892 2613 1972 2652 etc

268 2665 335 2701 sed
370 2673 554 2702 steterunt
592 2665 649 2702 ibi
690 2666 888 2703 Tallacozi
925 2680 994 2715 per
1032 2679 1223 2714 magnum
1260 2673 1426 2714 tempus,
1465 2674 1499 2703 et
1531 2666 1688 2703 tandem
1712 2665 1765 2703 ad
1790 2665 1975 2704 subtilem

270 2724 538 2760 attractionem
572 2724 705 2773 regine
738 2734 771 2762 et
804 2725 1055 2774 suggestione
1092 2724 1362 2766 benefactricis
1397 2738 1531 2761 eorum
1564 2733 1597 2763 et
1623 2739 1787 2762 suorum
1822 2725 1975 2762 iverunt

317 2871 347 2902 1.
379 2871 443 2903 Ms.
475 2872 557 2909 cite,
588 2872 649 2904 fol.
681 2873 723 2905 63
754 2877 803 2904 v0.

318 2924 347 2955 2.
379 2924 443 2956 .
475 2924 556 2963 cite,
588 2925 648 2957 l'ol.
679 2926 747 2958 108
777 2930 826 2957 vo.

316 2976 347 3008 3.
379 2976 443 3008 Ms.
475 2977 557 3016 cite,
588 2978 648 3010 fol.
680 2979 723 3010 73
754 2983 802 3010 .

316 3028 347 3060 si.
380 3030 442 3061 .
475 3031 556 3069 vile,
588 3031 648 3063 sol.
680 3032 723 3063 90
754 3036 802 3063 VO.

317 3082 346 3113 5.
378 3083 442 3113 Ms.
475 3083 556 3122 wilc,
588 3084 648 3115 sol.
680 3084 717 3115 91
753 3089 794 3116 .
