2083 3458
99 214 249 272 [1170]
618 229 834 254 PAPARUM
870 229 1253 254 AVENIONENSIUM
1700 214 1783 255 689

87 311 348 351 Cadurcensis
375 311 416 348 in
442 311 678 360 Aquitania.
707 312 824 359 Quod
851 326 932 349 non
957 313 1088 350 solum
1113 313 1253 351 scribit
1278 321 1421 351 auctor
1446 312 1535 359 iste,
1562 313 1630 351 sed
1657 321 1780 351 testa-

85 380 173 410 tum
205 371 330 409 etiam
359 370 522 419 reliquit
553 371 731 409 Jacobus
763 371 810 408 de
842 371 943 409 Seva
974 386 1043 409 seu
1073 372 1208 421 potius
1241 372 1418 409 Joannes
1450 371 1497 409 de
1530 372 1711 421 Lignano
1740 372 1781 410 in

86 431 207 484 Facto
225 430 345 468 misso
366 429 417 467 ad
438 429 692 469 academiam
714 430 980 468 Parisiensem
1001 445 1072 480 pro
1093 431 1308 469 asserenda
1332 430 1487 469 Urbani
1509 430 1564 468 VI
1586 431 1781 469 electione

84 490 126 528 in
144 498 258 528 tomo
279 496 426 538 quarto
446 489 648 525 Historiae
674 489 950 526 Uiziversitatis
970 489 1116 536 Paris„
1138 505 1176 539 p.
1194 490 1274 527 ’489
1296 507 1303 528 ;
1326 490 1502 527 Secundo
1523 490 1782 528 nominabant

84 557 118 587 et
145 549 446 586 nominaverunt
474 548 713 585 cardinalem
747 548 1029 595 Vivariensem,
1060 549 1126 598 qui
1154 557 1208 586 est
1235 557 1269 586 et
1295 557 1375 586 erat
1404 549 1578 586 nationis
1607 548 1780 587 Cantica-

85 608 239 646 rien-sis.
263 606 341 645 Ubi
360 615 500 644 tamen
519 607 799 656 reponendum
819 615 879 645 est
892 607 1156 655 Catia-censis,
1171 622 1262 647 cum
1281 608 1322 645 in
1342 607 1476 645 codice
1496 606 1573 645 842
1590 608 1627 646 S.
1645 608 1780 646 Victo-

83 667 134 705 ris
161 666 395 704 Parisiensis
416 665 442 712 ¹,
469 680 518 703 ex
545 680 624 715 quo
650 666 815 703 Factum
842 666 940 703 illud
967 667 1159 706 emissum
1184 675 1245 705 est
1269 667 1310 704 in
1334 667 1478 713 lucem,
1505 666 1703 717 scriptum
1728 667 1780 705 sit

83 725 334 764 Cartucensis
361 740 432 775 per
459 725 822 774 transpositionem
850 725 1073 772 liteiarum,
1103 734 1143 763 et
1171 726 1212 763 in
1241 726 1376 764 codice
1405 725 1483 764 815
1510 726 1781 764 bibliothecae-

84 784 372 825 Colbertiuae2
393 784 540 822 diserte
561 784 759 833 scriptum
781 784 832 821 sit
853 784 1115 822 Catarcensis.

136 845 199 882 Ex
230 844 341 881 Actis
373 843 531 881 concilii
564 843 781 881 Vaurensis
814 852 986 893 apparet
1018 844 1132 882 illum
1164 857 1272 881 anno
1305 843 1625 881 MCCCLXVIII
1659 843 1781 882 fuisse

83 904 284 942 decanum
325 902 464 941 Sancti
507 902 647 940 Felicis
690 902 736 939 de
778 902 1049 949 Caramanno,
1091 903 1314 940 Tolosanae
1356 902 1589 940 dioecesis.
1562 901 1578 924 3
1634 903 1778 941 Postea

83 963 237 1002 factum
270 977 354 1000 esse
386 961 619 999 audientiae
650 961 861 1000 literarum
892 962 1243 1001 contradictarum
1274 962 1427 999 domini
1458 975 1588 1011 papae
1620 962 1778 999 audito-

83 1036 167 1061 rem
182 1021 198 1044 4
216 1021 345 1071 liquet
366 1036 416 1059 ex
435 1020 482 1058 iis
506 1034 608 1070 quae
630 1021 861 1058 referuntur
881 1020 932 1057 ab
955 1021 1123 1070 Aegidio
1143 1021 1369 1059 Bellamera
1389 1020 1430 1057 in
1452 1034 1539 1070 cap.
1562 1021 1624 1057 Ex
1643 1021 1778 1067 literis,

78 1082 137 1119 De
161 1081 310 1118 mittitis
333 1080 610 1130 petitionibus:
636 1080 728 1117 vide
753 1079 944 1117 eumdem
969 1080 1184 1129 Aegidium
1209 1079 1355 1129 (Decis.
1383 1080 1443 1126 13,
1469 1079 1530 1126 26,
1558 1079 1644 1126 123,
1672 1079 1776 1126 196).

133 1141 252 1178 Α11110
270 1140 284 1161 5
332 1139 659 1177 MCCCLXXIII
706 1139 862 1176 factum
910 1138 1030 1176 fuisse
1077 1139 1314 1189 episcopum
1360 1138 1637 1176 Vivariensem
1685 1147 1777 1188 post

79 1200 352 1238 Bertrandum
381 1199 429 1236 de
457 1199 710 1237 Castronovo
738 1198 857 1235 docet
883 1197 984 1235 liber
1010 1198 1307 1247 Obligationam
1333 1197 1487 1236 archivi
1508 1197 1709 1244 Vaticani,
1737 1197 1778 1234 in

81 1274 161 1309 quo
190 1258 389 1309 scriptum
417 1266 478 1296 est
508 1258 673 1295 Petrum
705 1256 939 1307 episcopum
971 1257 1250 1295 Vivariensem
1271 1257 1332 1294 die
1360 1271 1432 1294 ΧΙΧ
1458 1256 1632 1294 octobris
1656 1256 1776 1305 hujus

80 1318 177 1356 anni
197 1317 428 1373 promisisse
451 1330 633 1355 camerae
655 1316 809 1353 domini
830 1330 960 1366 papae
982 1324 1022 1354 et
1045 1316 1303 1353 dominorum
1324 1315 1591 1353 cardinalium
1611 1315 1775 1353 solutio-

80 1392 172 1416 nem
190 1377 469 1416 communium
487 1375 759 1422 servitiorum,
778 1384 825 1412 ut
845 1384 932 1412 tum
956 1389 1041 1413 mos
1062 1384 1162 1413 erat.
1189 1375 1275 1423 Quo
1298 1375 1384 1413 loco
1404 1374 1502 1413 mihi
1523 1374 1777 1412 redeundum

79 1452 162 1476 esse
186 1436 305 1474 video
329 1436 381 1473 ad
404 1435 680 1473 Bertrandum
704 1435 751 1472 de
777 1435 1030 1472 Castronovo
1054 1434 1404 1484 archiepiscopum
1430 1433 1773 1479 Ebredunensem,

79 1496 127 1535 de
149 1510 229 1546 quo
250 1496 334 1545 jam
357 1509 493 1545 supra,
516 1509 554 1544 p.
578 1494 667 1541 856,
690 1502 830 1531 actum
852 1501 926 1540 est,
950 1502 996 1531 ut
1017 1494 1231 1531 emendem
1252 1493 1484 1541 Catalogam
1505 1492 1776 1542 episcoporum

84 1555 391 1602 Vivariensium,
411 1554 480 1604 qui
498 1554 616 1591 valde
636 1553 853 1591 mendosus
872 1561 933 1590 est
951 1552 992 1590 in
1010 1553 1085 1591 hoc
1103 1553 1202 1591 1060.
1222 1552 1472 1590 Bertrandus
1491 1566 1583 1601 ergo
1601 1566 1620 1589 e
1640 1552 1774 1589 cathe-

78 1615 149 1653 dra
172 1613 454 1652 Ebredunensi
476 1613 640 1651 transiit
661 1613 710 1649 ad
724 1610 1014 1650 'Vivariensem
1036 1620 1253 1649 vacantem
1275 1627 1344 1661 per
1362 1611 1518 1649 obitum
1539 1610 1704 1659 Aymari
1726 1611 1773 1648 de

77 1675 213 1719 Vouta
234 1688 342 1711 anno
364 1673 629 1719 MCCCLXV,
651 1671 713 1709 uti
734 1671 924 1717 diximus,
946 1680 987 1709 et
1007 1685 1279 1710 successorem
1299 1670 1444 1708 habuit
1465 1670 1571 1707 hunc
1593 1670 1773 1707 Petrum.

79 1733 184 1771 Huic
212 1734 333 1771 Petro
360 1732 504 1770 statim
530 1731 723 1770 successit
749 1730 979 1768 Bernardus
1008 1731 1056 1768 de
1085 1730 1293 1780 Agrifolio,
1323 1743 1444 1779 quem
1471 1728 1683 1778 Gregorius
1713 1728 1772 1765 XI

78 1801 200 1831 vocat
229 1791 577 1841 consanguineum
605 1804 725 1829 suum
753 1790 793 1827 in
822 1789 993 1839 epistola
1024 1804 1103 1839 qua
1133 1804 1225 1828 eum
1253 1788 1514 1827 commendat
1546 1787 1696 1825 Karolo
1726 1787 1773 1833 V,

76 1852 158 1902 regi
187 1852 449 1890 Francorum.
481 1851 543 1887 Ex
572 1865 652 1900 quo
681 1848 883 1898 colligitur
908 1849 1197 1896 Bertrandum,
1227 1848 1295 1898 qui
1323 1848 1362 1885 in
1392 1847 1559 1897 vulgato
1588 1846 1774 1895 Catalogo

75 1912 348 1961 episcoporum
378 1910 673 1947 Vivariensium
698 1908 961 1959 postponitur
986 1909 1106 1946 Petro
1132 1908 1179 1945 de
1206 1908 1438 1953 Sortenaco‚
1464 1906 1498 1944 ei
1523 1914 1771 1955 anteponen-

77 1971 175 2008 dum
200 1985 298 2017 esse,
325 1978 366 2008 et
390 1969 610 2007 Beraldum
637 1968 730 2006 111116
756 1967 997 2013 tollendum,
1024 1967 1203 2016 itemque
1233 1967 1396 2004 Petrum
1425 1966 1457 2002 V
1485 1965 1553 2014 qui
1578 1964 1683 2001 idem
1711 1972 1772 2001 est

76 2044 169 2069 cum
196 2029 413 2080 superiore.
445 2029 508 2066 Ex
537 2042 617 2077 quo
645 2041 806 2065 rursum
835 2026 1037 2076 colligitur
1066 2027 1166 2064 13180
1196 2028 1285 2064 euin
1316 2025 1393 2063 (1161
1422 2023 1771 2073 archiepiscopum

77 2089 411 2127 Ebredunensem
435 2088 476 2125 in
501 2096 614 2126 tomo
641 2086 772 2137 primo
804 2086 955 2123 Galliae
988 2085 1236 2131 christianae,
1271 2099 1309 2134 p.
1337 2084 1424 2129 281,
1451 2091 1491 2120 et
1524 2082 1769 2120 cardinalem

75 2148 186 2186 tituli
215 2148 353 2186 Sancti
382 2146 518 2185 Marci.
550 2145 750 2184 Successit
778 2159 872 2183 sane
894 2145 1122 2182 Bertrando
1144 2143 1446 2193 archiepiscopo
1476 2141 1768 2187 Ebredunensi,

75 2222 156 2246 non
185 2207 350 2257 quidem
377 2206 418 2244 in
447 2206 641 2244 cathedra
671 2204 966 2250 Ebredunensi,
995 2204 1064 2241 sed
1092 2203 1133 2240 in
1161 2202 1400 2240 Vivariensi.
1432 2200 1574 2248 Quoad
1602 2200 1770 2237 titulum

75 2257 334 2305 vero⁴Sancti
358 2265 495 2312 Marci,
520 2264 698 2315 pertinet
722 2264 785 2301 1116
808 2263 859 2300 ad
882 2264 1047 2300 Petrum
1070 2262 1229 2308 Amelii,
1252 2275 1372 2311 quem
1396 2275 1445 2298 ex
1468 2258 1769 2308 archiepiscopo

76 2325 358 2364 Ebredunensi
386 2325 569 2363 Clemens
599 2323 679 2360 VII
709 2322 862 2361 creaxit
891 2322 1138 2360 cardinalem
1166 2335 1273 2358 anno
1302 2318 1680 2364 MCCCLXXVIIL
1709 2317 1770 2354 uti

74 2393 216 2451 postea
241 2383 485 2422 videbimus.
516 2383 628 2421 Idem
653 2382 871 2420 dicendum
896 2381 943 2418 de
968 2381 1090 2418 titulo
1116 2380 1288 2417 Sanctae
1314 2378 1463 2415 Mariae
1489 2378 1615 2414 Trans
1640 2376 1769 2445 Tybe-

77 2444 165 2492 rim,
188 2458 310 2494 quem
332 2442 584 2492 Augustinus
607 2442 659 2479 ab
684 2440 861 2479 Ecclesia
884 2440 918 2477 ei
940 2439 1097 2477 tribuit.

127 2504 246 2541 Anno
274 2476 583 2548 MCCCOLXXV,
612 2500 674 2538 die
703 2515 762 2537 xx
790 2499 1027 2545 decembris,
1058 2499 1199 2535 Petrus
1228 2501 1275 2535 de
1305 2496 1523 2534 Sortenaco
1551 2494 1682 2532 factus
1710 2501 1771 2531 est

122 2674 154 2707 1.
174 2674 224 2706 Β.
252 2673 309 2712 Ν.,
333 2683 400 2705 1118.
424 2671 519 2704 latin
542 2670 670 2709 14643,
694 2670 756 2702 101.
781 2669 850 2701 172
874 2673 923 2701 v0.

123 2728 154 2760 2.
185 2727 225 2760 B.
246 2726 304 2766 N.,
321 2737 389 2758 ms.
406 2724 503 2757 latin
518 2723 623 2762 1470,
641 2723 703 2755 161.
721 2722 762 2755 81
782 2726 825 2754 r0.

121 2781 153 2813 3.
178 2779 249 2812 Sur
269 2791 325 2813 ses
348 2778 547 2816 beneficos,
573 2775 653 2808 voir
677 2776 717 2808 E.
742 2775 848 2813 Albe,
871 2774 1017 2806 Αιιίοιιν
1038 2773 1079 2805 cle
1100 2772 1197 2804 Jean
1218 2771 1358 2809 XXII,
1382 2776 1408 2803 t.
1430 2782 1467 2809 11,
1491 2781 1525 2812 p.
1551 2768 1672 2802 68-71.

120 2834 153 2866 4.
189 2833 229 2866 Ε.
265 2832 389 2865 Gollei
424 2831 513 2874 (Zur
550 2828 754 2862 Geschichte
785 2827 1087 2860 clm-Audientiae
1110 2824 1426 2861 contradictarum,
1460 2823 1552 2854 dans
1583 2821 1775 2854 Rbmisclze

73 2885 366 2930 Quartalscln·i,st
388 2890 414 2916 t
438 2895 518 2915 xvn
545 2881 680 2924 (1903),
704 2892 738 2924 p.
763 2879 935 2921 411-412)
956 2891 975 2910 a
998 2879 1063 2910 fait
1085 2874 1279 2910 connaitre
1295 2888 1346 2908 un
1367 2875 1501 2908 recueil
1525 2875 1568 2907 dc
1590 2873 1772 2907 (1661810118

72 2941 254 2972 emanant
273 2939 316 2970 de
337 2937 458 2969 Pierre
478 2936 521 2967 do
534 2934 727 2971 Sortenac
743 2939 780 2965 et
797 2933 831 2965 J.
854 2933 1084 2965 Fostemann
1107 2930 1244 2972 (Novae
1269 2929 1541 2962 constitutiones
1565 2927 1774 2960 audientiae

72 2992 379 3026 contradictarum
399 2990 438 3023 in
456 2989 560 3021 curia
578 2987 747 3019 Romana
765 2985 1017 3029 promulgatae
1034 2984 1080 3016 A.
1099 2983 1144 3015 D.
1166 2982 1270 3021 1375,
1292 2981 1454 3024 Leipzig,
1476 2980 1582 3023 1897)
1606 2993 1626 3013 a
1646 2979 1772 3023 publie

72 3047 123 3078 168
144 3043 416 3078 constitutions
439 3041 530 3085 qu’il
550 3040 698 3083 imposa
719 3039 739 3070 a
760 3037 969 3070 l’audience
992 3037 1054 3069 des
1075 3036 1205 3068 lettres
1228 3034 1469 3074 contredites,
1492 3045 1538 3066 en
1563 3034 1669 3067 1375.

123 3099 153 3132 5.
173 3098 223 3131 Le
240 3098 284 3130 13
303 3096 457 3130 octobre
480 3093 625 3137 (Eubel,
644 3091 877 3130 Hiermchia,
897 3096 922 3123 t.
941 3102 964 3129 1,
983 3101 1018 3133 p.
1039 3088 1135 3132 533).
