2083 3458
286 191 367 230 910·
934 202 1086 228 NOTAE
1120 203 1181 227 AD
1215 202 1344 228 VITAs
1845 187 1985 243 [1404]

283 305 322 339 ξ),
362 291 449 338 397,
479 290 550 328 ubi
584 289 760 327 refertur
794 295 870 326 hoc
905 287 992 336 ejus
1027 287 1289 338 epitaphium
1328 288 1544 338 sepulchro
1579 288 1666 338 ejus
1701 288 1950 340 inscriptum
1985 305 1993 327 :

653 371 824 420 Frigida
848 370 1013 420 mirifici
1036 378 1135 408 tenet
1156 370 1220 408 bic
1242 370 1349 421 lapis
1372 385 1461 409 ossa
1486 371 1673 411 <Ioannis

655 431 733 469 Iwit
772 430 813 468 in
851 430 1066 479 astrigeras
1104 444 1212 468 mens
1251 444 1438 479 generosa
1475 432 1620 470 domos.

607 491 742 529 Gloria
780 489 963 539 Legnani
1002 489 1116 527 titulo
1155 490 1357 528 decoratus
1396 498 1569 540 utroque,

656 550 831 599 Legibus
864 558 898 587 et
931 564 1042 587 sacro
1076 564 1225 587 canone
1260 550 1367 588 dives
1400 558 1494 588 erat.

600 611 710 648 Alter
743 609 986 656 Aristoteles,
1021 609 1253 659 Hippocras
1287 617 1321 647 et
1357 609 1531 647 Tolomei

601 666 782 719 Signifer
820 677 933 718 atque
972 668 1079 705 heres
1120 677 1278 706 noverat
1316 677 1424 707 astra
1462 669 1558 719 poli.

600 729 777 767 Abstulit
811 729 914 766 hunc
949 728 1065 766 nobis
1099 728 1290 778 inopinae
1323 728 1491 779 sincopa
1525 729 1672 767 mortis

652 789 744 826 Heu
775 788 903 825 dolor!
933 787 996 825 hic
1027 787 1167 826 mundi
1198 796 1336 838 portus
1366 797 1399 826 et
1428 803 1530 826 aura
1558 789 1672 838 jacet.

336 886 516 924 Uxorem
554 883 702 922 habuit
743 883 959 922 Novellam
1001 882 1128 920 filiam
1169 883 1351 922 Federici
1390 884 1608 932 Calderini‚
1649 884 1720 934 qui
1760 885 1866 923 filius
1906 893 1995 923 erat

282 944 534 985 celeberrimi
561 944 666 981 illius
698 942 980 992 jurisconsulti
1008 943 1198 981 Andreae
1218 943 1435 982 Calderini.
1460 944 1591 982 Datae
1615 944 1651 982 ei
1678 953 1776 983 sunt
1794 959 1867 995 pro
1898 945 1994 983 dote

281 1012 513 1055 nongentae
553 1003 680 1042 librae
720 1002 1013 1041 Bononienses.
1052 1002 1207 1046 ‚Filium
1247 1003 1396 1040 habuit
1434 1003 1674 1054 Baptistam
1714 1005 1763 1043 de
1794 1004 1994 1054 Lignano,

282 1065 453 1103 fratrem
491 1062 802 1110 Prencivallem‚
842 1070 1011 1113 nepotes
1052 1062 1342 1100 Giovanellum
1379 1071 1420 1100 et
1460 1063 1681 1102 Cortellum
1716 1063 1820 1102 filios
1850 1063 1995 1103 Blanci

283 1123 420 1162 fratris
447 1123 522 1161 sui.

337 1184 505 1222 Praeter
524 1181 833 1221 lucubrationes
854 1181 942 1231 ejus
963 1195 1086 1232 supra
1108 1190 1454 1220 commemoratas
1476 1182 1612 1221 editus
1633 1191 1695 1221 est
1715 1183 1757 1220 in
1772 1191 1888 1221 tomo
1905 1198 1993 1221 xvn

294 1243 378 1294 [fol.
404 1242 425 1280 2
448 1242 500 1292 r0]
527 1241 777 1281 collectionis
811 1240 1098 1280 1ῖ13οῒ3111111111
1120 1241 1336 1291 utriusque
1358 1241 1459 1291 juris
1488 1250 1695 1280 tractatus
1720 1243 1780 1280 De
1811 1242 1994 1281 amicitia

284 1302 353 1353 qui
380 1301 526 1352 incipit
554 1317 561 1339 ι
589 1301 708 1339 Circa
727 1301 922 1339 circulum
954 1300 1170 1349 amicitiae,
1193 1315 1315 1350 quem
1347 1301 1498 1339 librum
1526 1302 1586 1339 De
1619 1317 1714 1352 pace
1745 1311 1780 1340 et
1812 1302 1994 1340 amicitia

284 1361 530 1412 inscriptum
574 1376 658 1399 esse
706 1360 747 1398 in
784 1360 915 1399 Veteri
962 1360 1099 1398 codice
1131 1360 1462 1410 Cantabrigiensi
1505 1361 1650 1399 domus
1696 1362 1838 1401 Sancti
1881 1361 1993 1400 Petri

283 1430 464 1460 testatur
494 1422 672 1458 Thomas
706 1420 924 1458 Jamesius.
958 1420 1004 1458 In
1037 1420 1166 1470 [tomo
1194 1435 1251 1458 ΧΗ
1291 1420 1360 1459 fol.
1400 1420 1475 1459 193
1512 1421 1572 1471 VO]
1602 1421 1781 1460 habetur
1808 1422 1992 1472 ejusdem

284 1489 489 1520 tractatus
508 1481 567 1517 De
591 1480 732 1527 duello,
767 1480 884 1530 cujus
913 1480 988 1518 hoc
1022 1488 1083 1518 est
1112 1479 1279 1517 initium
1311 1496 1317 1518 :
1346 1480 1483 1518 Restat
1499 1488 1541 1518 ut
1557 1480 1763 1519 videamus
1788 1482 1832 1519 cle
1851 1481 1992 1520 duello,

283 1541 436 1579 Verum
463 1540 527 1577 ille
555 1548 616 1578 est
643 1548 812 1577 tantum
838 1547 1049 1589 postrema
1076 1553 1169 1589 pars
1196 1547 1404 1578 tractatus
1428 1540 1489 1577 De
1519 1540 1626 1579 bell0.
1660 1541 1706 1578 In
1731 1549 1847 1579 tomo
1890 1541 1993 1591 [xvn

283 1601 352 1639 fol.
377 1600 451 1638 227
467 1599 519 1649 r0]
541 1607 659 1637 extat
677 1599 863 1648 ejusdem
889 1607 1096 1637 tractatus
1121 1599 1181 1636 De
1208 1600 1386 1637 censuris
1423 1599 1712 1647 ecelesiasticis,
1741 1609 1782 1639 et
1808 1600 1955 1651 incipit
1984 1617 1991 1639 z

286 1660 336 1697 In
366 1667 532 1697 tractatu
563 1659 606 1696 de
636 1673 802 1696 censura
831 1658 1106 1697 ecclesiastica.
1143 1658 1189 1696 In
1217 1667 1333 1697 tomo
1365 1674 1423 1696 xv
1465 1659 1549 1709 [fol.
1582 1660 1656 1697 411
1687 1659 1740 1710 r0]
1785 1668 1993 1699 tractatus

283 1720 338 1757 Dc
366 1719 472 1756 horis
499 1717 703 1755 canonicis
730 1718 1026 1756 radiantissimi
1054 1718 1220 1755 doctoris
1247 1718 1400 1756 domini
1431 1719 1606 1757 „Ioannis
1632 1720 1677 1757 de
1703 1719 1890 1769 Lignano
1917 1721 1993 1759 hoc

284 1779 438 1817 habens
467 1778 632 1815 initium
662 1793 669 1814 :
700 1778 765 1815 Ad
793 1778 976 1815 honorem
1005 1777 1129 1816 illius.

340 1838 524 1887 Denique
549 1837 721 1874 Mantua
747 1837 975 1875 Patavinus
999 1837 1041 1874 in
1063 1837 1151 1875 loco
1175 1852 1298 1888 supra
1322 1838 1493 1875 laudato
1516 1846 1699 1876 testatur
1721 1838 1837 1877 illum
1860 1839 1993 1883 multa

284 1897 490 1948 scripsisse
526 1896 568 1934 in
605 1911 743 1934 omnes
778 1897 1046 1934 Decretalium
1080 1896 1218 1944 libros,
1257 1911 1375 1947 quae,
1413 1912 1629 1947 nunquam
1664 1898 1791 1946 edita,
1829 1913 1994 1937 manus-

285 1957 416 2007 cripta
440 1956 702 2006 reperiuntur
725 1955 767 1993 in
791 1956 1043 1995 bibliotheca
1067 1956 1235 2006 majoris
1260 1957 1452 1995 ecclesiae
1476 1957 1761 2006 Bononiensis,
1786 1958 1858 1996 ubi
1882 1973 1922 1997 se
1947 1972 1994 1997 ea

285 2016 434 2054 vidisse
456 2024 497 2053 et
516 2015 659 2065 legisse
680 2015 752 2053 ait.
776 2016 1019 2054 Tomasinus
1042 2030 1205 2065 quoque
1226 2016 1268 2053 in
1287 2017 1376 2055 1000
1397 2017 1521 2067 paulo
1542 2025 1639 2054 ante
1659 2017 1832 2056 laudato
1853 2017 1994 2056 admo-

285 2084 355 2113 net
372 2084 512 2113 extare
531 2075 572 2112 in
589 2074 840 2113 bibliotheca
858 2075 1049 2113 ecclesiae
1069 2076 1316 2114 cathedralis
1336 2076 1564 2114 Patavinae
1582 2076 1764 2126 quinque
1782 2077 1994 2115 volumina

285 2150 379 2174 mss.
404 2134 797 2173 commentariorum
819 2135 906 2184 ejus
930 2135 971 2172 in
989 2136 1210 2173 Decretales
1231 2143 1272 2173 et
1295 2136 1491 2174 volumen
1512 2136 1554 2173 in
1576 2136 1859 2176 Clementinas.
1884 2137 1995 2175 Citat

284 2208 380 2232 sane
406 2193 722 2233 commentarios
748 2194 835 2244 ejus
860 2194 901 2231 in
917 2195 1136 2232 Dect-etales
1157 2195 1349 2245 Aegidius
1370 2195 1612 2234 Bellamera.
1635 2195 1849 2246 Scripsisse
1868 2196 1995 2235 etiam

286 2253 603 2292 commentarios
623 2253 664 2291 in
685 2253 967 2301 Clementinas‚
989 2254 1059 2292 sed
1079 2268 1226 2304 parum
1246 2255 1444 2305 probatos
1465 2254 1660 2294 studiosis
1681 2255 1738 2293 rei
1758 2255 1994 2303 canonicae,

286 2313 428 2351 scribit
446 2313 509 2351 his
530 2312 664 2351 verbis
683 2313 922 2351 Franciscus
944 2314 1153 2352 Zabarella
1175 2314 1393 2352 cardinalis
1413 2314 1454 2352 in
1473 2314 1684 2365 prooemio
1699 2315 1880 2353 lecturae
1896 2329 1992 2353 suae

286 2387 405 2423 super
436 2372 696 2410 Clementinis
725 2388 732 2409 :
764 2372 944 2410 Subinde
976 2374 1153 2410 Joannes
1182 2374 1226 2411 cle
1254 2373 1454 2423 LignanO,
1485 2373 1671 2412 dominus
1700 2388 1822 2422 meus,
1854 2375 1996 2412 multos

286 2446 330 2469 est
359 2432 591 2482 praemissis
622 2431 664 2468 in
702 2446 829 2469 tinum
857 2432 1022 2481 collegit,
1054 2447 1148 2482 quos
1175 2447 1292 2483 saepe
1321 2433 1496 2471 nimium
1533 2434 1760 2481 decurtavit,
1789 2434 1869 2482 sed,
1896 2434 1997 2484 quod

288 2491 416 2539 magis
445 2490 692 2540 improbatur
719 2506 742 2528 a
770 2491 1055 2541 compluribus,
1086 2506 1165 2529 non
1192 2501 1284 2542 apto
1312 2493 1443 2530 retulit
1470 2492 1619 2541 ordine,
1651 2493 1706 2531 ita
1733 2502 1775 2530 ut
1801 2508 1825 2531 a
1852 2493 1995 2543 paucis

287 2550 372 2599 ejus
393 2550 538 2587 lectura
559 2551 857 2588 commendetur.
881 2551 931 2588 Et
951 2551 1044 2588 huic
1064 2551 1275 2600 diligentia
1296 2552 1433 2601 defuit,
1457 2566 1536 2589 non
1556 2552 1747 2602 probitas,
1771 2552 1869 2590 Fuit
1889 2552 1996 2590 enim

288 2609 467 2646 omnium
490 2609 555 2646 sui
580 2609 766 2659 temporis
791 2610 903 2659 longe
929 2611 1127 2660 princeps,

348 2669 383 2704 Ι).
420 2668 506 2709 52⁴3,
527 2669 592 2717 lig.
617 2668 650 2706 2.
675 2668 820 2706 ABBAS
849 2669 885 2707 S.
917 2669 1121 2717 VEDAST1‚
1155 2670 1335 2708 Joannes
1369 2671 1505 2718 Fabri,
1534 2685 1656 2720 quem
1680 2685 1804 2721 supra
1823 2686 1863 2721 p.
1893 2671 1994 2709 1083

289 2727 521 2763 monuimus
553 2727 752 2765 refutasse
784 2736 1014 2766 tractatum
1044 2729 1224 2779 primum
1256 2729 1427 2768 Joannis
1460 2730 1507 2767 de
1539 2729 1723 2780 Lignano
1756 2745 1829 2780 pro
1857 2730 1994 2768 defen-

289 2785 398 2822 sione
430 2786 612 2835 partium
652 2787 809 2824 Urbani
843 2788 963 2826 sexti.
1005 2788 1163 2826 Ibidem
1190 2789 1425 2827 monuimus
1454 2789 1569 2827 illum
1597 2803 1680 2827 non
1709 2788 1831 2827 fuisse
1859 2789 1994 2839 patria

294 2844 560 2891 lmaccnsom,
600 2854 647 2882 ut
683 2846 809 2884 habet
844 2847 1023 2896 vulgaris
1062 2848 1213 2897 opinio,
1250 2848 1320 2886 sed
1358 2848 1641 2887 Parisiensem.
1682 2849 1780 2898 Ejus
1809 2856 1927 2886 extat
1954 2848 1996 2886 in

291 2903 425 2938 ‹·‹⁷›‹li‹·‹·
452 2903 528 2940 587
554 2904 827 2943 bibliothecae
855 2906 1112 2944 Colbertinae
1135 2907 1149 2929 2
1168 2907 1361 2945 Diarium
1388 2922 1524 2945 rerum
1552 2908 1603 2945 ab
1632 2922 1678 2946 eo
1707 2916 1915 2957 gestarum
1943 2908 1994 2945 ab

339 3030 369 3061 ¹1.
400 3031 635 3064 Trai-tamum
660 3045 701 3064 ea·
725 3034 839 3066 uariis
863 3034 959 3076 juris
986 3036 1246 3079 interpretibus
1271 3037 1508 3077 collectorum,
1536 3037 1656 3080 Lyon,
1684 3037 1789 3070 1549.

340 3086 369 3113 2.
399 3084 437 3115 13.
470 3083 525 3122 N.‚
554 3096 619 3117 nis.
650 3086 810 3127 l'rancais
839 3087 941 3120 5015.
