2083 3458
273 220 353 261 ⁴328
920 232 1071 257 NOTAE
1107 233 1166 257 AD
1201 233 1328 257 VITAs
1822 216 1973 271 [1105]

274 329 357 359 tem
393 319 479 369 ejus
517 332 598 355 non
634 318 768 355 fuisse.
811 318 930 355 Illum
964 317 1106 367 itaque
1143 324 1353 355 assecutus
1390 325 1451 355 est
1495 318 1606 368 apud
1644 318 1819 357 Romam
1867 331 1975 355 anno

273 377 614 417 MCCCLXXVII
640 385 830 424 exeunte,
856 384 903 414 ut
927 390 1050 427 supra
1076 376 1266 414 diximus.

324 439 442 475 Anno
478 437 665 486 sequenti
701 436 804 474 obiit
840 436 996 474 Romae
1030 435 1140 474 idem
1176 435 1391 485 Gregorius
1428 436 1490 474 die
1527 451 1644 474 xxvn
1679 436 1831 475 martii.
1869 435 1975 473 Hinc

273 498 381 547 origo
409 510 651 546 magnorum
680 496 940 533 tumultuum
968 503 1009 534 et
1036 495 1359 546 pestilentissimi
1388 495 1630 535 schismatis.
1663 495 1840 534 Romani
1867 495 1975 534 enim

272 572 387 607 aegre
432 557 606 594 ferentes
651 569 869 604 romanum
904 555 1163 602 Pontificem,
1199 554 1436 605 episcopum
1478 555 1717 594 universalis
1758 555 1974 600 Ecclesiae,

272 625 319 654 ut
348 615 513 666 ipsimet
544 622 710 663 vocant,
742 614 840 652 alibi
872 628 996 664 quam
1030 614 1185 653 Romae
1216 614 1417 661 habitare,
1450 622 1540 652 tum
1570 615 1782 663 avaritiae,
1815 628 1865 652 ex
1896 627 1975 664 qua

272 690 480 725 erumpere
515 674 732 712 audaciam
767 673 929 724 scripsit
964 674 1132 721 Tullius,
1168 673 1343 712 stimulis
1377 674 1552 722 incitati,
1587 674 1774 725 precibus
1811 673 1976 723 quidem

270 735 478 786 petierunt
503 748 525 771 a
551 733 826 772 cardinalibus
848 747 1001 784 papam
1034 747 1251 772 romanum
1284 741 1357 770 aut
1380 733 1588 781 Italicum,
1611 734 1681 772 sed
1701 748 1839 784 preces
1860 740 1977 771 erant

271 795 416 845 quibus
439 793 663 832 contradici
678 807 761 831 non
782 801 935 844 posset,
951 801 999 830 ut
1014 793 1072 830 ait
1086 793 1264 831 Tacitus.
1283 792 1413 831 Minas
1429 793 1537 832 enim
1551 793 1781 843 jactabant,
1798 793 1975 843 pericula

271 853 557 901 intendebant,
596 852 833 893 formidines
872 852 1151 903 opponebant,
1189 860 1230 890 et
1266 851 1527 902 vagabantur
1561 853 1714 903 passim
1750 860 1841 890 toto
1889 852 1975 890 foro

273 928 365 952 cum
395 913 570 951 barbaro
600 920 725 962 atque
755 912 927 950 immani
956 920 1122 950 terrore.
1158 912 1269 950 Inter
1298 912 1397 950 haec
1429 912 1652 950 cardinales
1682 912 1849 962 ingressi
1879 919 1976 949 sunt

274 974 479 1012 conclave.
507 972 695 1010 Adnotat
720 980 860 1011 autem
886 972 1064 1010 Thomas
1091 972 1226 1019 Petra,
1262 971 1482 1010 canonicus
1520 972 1790 1019 Patracensis,
1824 971 1867 1008 in
1902 984 1974 1009 sua

272 1033 524 1083 depositione
566 1031 814 1070 cardinalem
858 1031 1168 1073 Gebennensem
1209 1039 1250 1069 et
1291 1031 1540 1069 cardinalem
1581 1031 1721 1069 Sancti
1763 1030 1975 1068 Eustachii

270 1093 420 1144 primos
448 1091 632 1131 omnium
656 1091 699 1129 in
721 1091 822 1129 illud
846 1091 1046 1140 ingressos
1072 1105 1170 1129 esse.
1199 1091 1346 1128 Postea
1372 1091 1523 1129 electus
1550 1099 1611 1129 est
1634 1091 1974 1129 Bartholomaeus

270 1152 595 1202 archiepiscopus
618 1150 820 1198 Barensis,
838 1150 1028 1189 Urbanus
1049 1150 1105 1188 VI
1128 1150 1251 1199 vulgo
1274 1150 1427 1197 dictus3
1451 1163 1573 1200 quem
1588 1150 1812 1188 cardinales
1836 1163 1974 1187 omnes

269 1220 411 1262 postea
442 1211 721 1259 deseruerunt,
752 1224 833 1247 uno
864 1217 1050 1260 excepto,
1081 1209 1273 1248 videlicet
1303 1209 1506 1248 cardinale
1537 1209 1575 1248 S.
1608 1209 1731 1257 Petri,
1760 1209 1823 1247 uti
1852 1222 1974 1259 supra

270 1287 307 1322 p.
334 1271 422 1318 958,
450 1270 563 1318 1033,
589 1270 747 1309 dictum
771 1277 845 1309 est.
1718 1307 1721 1309 .

322 1330 561 1368 Miserabilis
594 1337 685 1369 tum
718 1329 798 1367 fuit
830 1337 964 1367 status
999 1329 1214 1367 cardinalis
1249 1328 1389 1366 Sancti
1423 1328 1648 1367 Eustachii.
1684 1328 1835 1366 Narrat
1867 1327 1975 1366 enim

270 1390 478 1428 Artaudus
497 1390 710 1440 episcopus
729 1389 959 1427 Grassensis
975 1389 1018 1426 in
1034 1388 1288 1439 depositione
1305 1401 1377 1426 sua
1395 1403 1434 1426 se
1451 1396 1545 1438 post
1560 1388 1801 1426 electionem
1818 1387 1976 1425 Urbani

270 1451 388 1496 ivisse
415 1449 466 1486 ad
493 1449 691 1488 Sanctum
717 1449 886 1487 Petrum
912 1462 1004 1486 cum
1029 1448 1181 1486 abbate
1208 1447 1347 1486 Sancti
1368 1447 1688 1498 Bartholomaei,
1713 1447 1783 1485 sed
1807 1454 1975 1497 propter

269 1518 426 1548 metum
452 1524 502 1547 ex
530 1508 739 1556 Romanis,
767 1508 861 1558 quia
885 1508 1060 1558 populus
1084 1515 1165 1545 erat
1191 1507 1233 1544 in
1256 1508 1400 1556 surore,
1429 1507 1523 1557 quia
1550 1507 1632 1545 dies
1660 1506 1907 1553 declinabat,
1934 1514 1974 1543 et

270 1569 403 1606 adhuc
436 1569 603 1618 longum
638 1576 726 1606 erat
758 1568 847 1615 iter,
884 1567 1106 1605 declinasse
1128 1581 1151 1604 a
1185 1567 1265 1615 via,
1297 1575 1338 1605 et
1367 1566 1587 1604 abduxisse
1620 1581 1685 1605 eos
1718 1574 1827 1604 retro
1855 1566 1972 1615 longe

270 1629 405 1679 capita
431 1628 559 1665 ardua
584 1627 636 1665 ab
660 1627 759 1675 ictu,
785 1635 832 1665 ut
858 1627 916 1664 ait
942 1627 1144 1677 Virgilius,
1162 1626 1202 1664 id
1228 1635 1302 1674 est,
1328 1635 1436 1664 retro
1462 1626 1714 1673 abscessisse,
1731 1633 1973 1675 secutosque

270 1689 390 1726 fuisse
409 1687 633 1725 cardinales
653 1687 793 1725 Sancti
812 1687 1024 1725 Eustachii
1041 1694 1082 1724 et
1100 1686 1148 1724 de
1167 1686 1322 1724 Ursinis
1341 1685 1410 1736 qui
1426 1685 1674 1724 incedebant
1695 1686 1802 1723 inter
1826 1698 1972 1722 cuneos

269 1755 522 1786 armatorum
560 1755 601 1785 et
648 1747 906 1784 furiosorum.
947 1746 1050 1783 Cum
1084 1746 1239 1795 fuimus
1257 1744 1285 1793 1,
1324 1745 1459 1795 inquit
1498 1745 1720 1792 Artaudus,
1770 1744 1813 1781 in
1863 1744 1974 1781 domo

271 1807 420 1845 domini
445 1807 489 1844 de
519 1806 693 1854 Ursinis,
718 1815 752 1843 et
774 1806 959 1843 dominus
985 1805 1121 1843 Sancti
1145 1804 1354 1842 Eustachii
1378 1813 1474 1842 esset
1499 1804 1541 1841 in
1565 1819 1718 1842 camera
1734 1802 1972 1854 paramenti,

271 1867 350 1904 vidi
377 1867 510 1915 ipsum
534 1866 642 1903 valde
665 1865 866 1915 afflictum,
882 1880 970 1915 ymo
995 1864 1313 1914 afflictissimum,
1331 1872 1365 1902 et
1388 1878 1470 1901 vere
1491 1864 1570 1913 fuit
1585 1863 1704 1901 michi
1728 1863 1858 1900 visum
1875 1862 1975 1912 quod

270 1934 363 1963 esset
393 1925 506 1975 quasi
537 1925 733 1963 alienatus
763 1940 788 1962 a
818 1933 952 1963 mente.
985 1924 1130 1962 Pettvit
1151 1939 1175 1961 a
1206 1938 1263 1961 me
1287 1924 1339 1961 ad
1368 1916 1462 1973 quid
1489 1938 1679 1961 veneram.
1707 1922 1908 1972 Respondi
1938 1921 1973 1959 si

270 1986 405 2035 aliqua
430 1985 577 2022 volebat
599 1984 809 2034 precipere,
835 1992 870 2022 et
892 1984 1086 2033 subjunxi
1113 1983 1155 2020 in
1180 1983 1334 2032 vulgari
1361 1999 1367 2021 :
1394 1982 1478 2020 He!
1501 1983 1619 2020 Pater
1643 1981 1972 2028 reverendissime,

270 2045 361 2082 estis
385 2045 475 2081 bene
496 2044 675 2093 afflictus,
696 2043 812 2082 Dixit
833 2044 917 2093 ipse
940 2060 946 2081 :
976 2043 1071 2081 Vere
1090 2043 1160 2091 sic,
1182 2043 1249 2080 sed
1269 2057 1345 2090 vos,
1369 2043 1435 2092 qui
1455 2042 1591 2091 fuistis
1623 2042 1664 2079 in
1696 2040 1973 2079 rebellionibus

276 2104 417 2152 Ytalie,
450 2104 587 2141 videtis
616 2103 856 2141 remedium?
888 2103 996 2149 Vere,
1027 2111 1137 2152 pater
1165 2102 1495 2149 reverendissime,
1528 2116 1618 2149 non,
1649 2101 1743 2151 quia
1773 2100 1853 2138 nisi
1882 2115 1907 2137 a
1934 2114 1973 2137 se

273 2164 357 2213 ipso
390 2164 547 2201 sedatur
580 2164 783 2210 tumultus»,
820 2177 898 2200 non
932 2162 1082 2200 videtur
1115 2161 1234 2199 michi
1269 2162 1416 2200 modus,
1458 2161 1602 2199 Verum
1635 2169 1688 2198 est
1721 2160 1822 2210 quod
1853 2159 1972 2197 audio

271 2224 369 2273 quod
400 2223 458 2260 illi
490 2222 612 2260 nostri
642 2223 708 2272 qui
737 2230 830 2259 sunt
860 2222 903 2259 in
932 2230 1054 2260 castro
1085 2221 1221 2259 Sancti
1251 2221 1397 2270 Angeli
1427 2229 1565 2258 exeunt
1594 2228 1725 2258 contra
1754 2220 1971 2265 Romanos3

271 2291 304 2320 et
331 2283 366 2319 si
397 2297 490 2319 casu
521 2282 692 2331 aliquem
722 2281 975 2331 interficiant,
1008 2295 1077 2318 nos
1107 2295 1240 2318 omnes
1275 2281 1422 2318 erimus
1467 2280 1621 2318 mortui.
1654 2280 1782 2329 Quare
1824 2279 1974 2328 placeat

269 2341 496 2391 paternitati
518 2350 635 2379 westre
656 2341 802 2379 mittere
823 2341 874 2378 ad
894 2341 1008 2378 illum
1028 2341 1154 2378 locum
1174 2348 1207 2378 et
1226 2340 1372 2377 hortari
1392 2354 1454 2376 eos
1475 2353 1521 2376 ne
1541 2340 1593 2376 ad
1611 2339 1771 2388 aliquod
1791 2337 1974 2380 illicitum

270 2409 541 2450 prorumpant.
575 2401 686 2438 Tunc
714 2400 914 2450 respondit
942 2400 1060 2437 michi
1089 2400 1190 2449 quod
1220 2399 1310 2436 bene
1338 2399 1525 2437 dicebam.
1555 2399 1606 2436 Et
1630 2397 1867 2447 subjunxit:
1898 2396 1975 2434 Sed

270 2460 432 2497 credatis
456 2461 556 2509 quod
580 2460 648 2497 iste
672 2460 789 2497 ludus
813 2474 891 2497 non
915 2459 1130 2497 remanebit
1151 2459 1220 2497 sic.

324 2520 570 2557 Jactabatur
604 2520 759 2557 interea
794 2519 836 2556 in
871 2520 1016 2569 vulgus
1052 2526 1093 2557 et
1127 2533 1198 2568 per
1227 2517 1457 2568 provincias
1490 2517 1703 2555 Urbanum
1742 2516 1825 2554 rite·
1848 2523 1972 2565 atque

270 2579 447 2628 legitime
499 2580 673 2618 electum
715 2578 849 2616 fuisse.
893 2578 1033 2627 Neque
1077 2578 1151 2616 sibi
1199 2577 1337 2615 deerat
1384 2577 1481 2626 ipse.
1524 2575 1736 2614 Scribebat
1775 2575 1883 2613 enim
1921 2574 1973 2611 ad

270 2638 470 2687 principes
512 2646 552 2675 et
590 2638 819 2676 academias
861 2637 908 2675 de
946 2652 1017 2675 sua
1053 2637 1260 2675 electione.
1303 2636 1534 2674 Cardinales
1569 2649 1730 2685 quoque
1764 2634 1895 2684 coegit
1927 2641 1974 2670 ut

270 2697 490 2734 scriberent
513 2706 653 2735 contra
676 2697 896 2735 veritatem
919 2705 1137 2746 gestorum.
1165 2696 1309 2745 Itaque
1329 2695 1386 2732 illi
1404 2703 1518 2733 metu
1537 2694 1725 2745 pejorum
1743 2694 1777 2731 ei
1803 2692 1971 2744 praesti-

272 2764 408 2792 terunt
441 2756 693 2805 obsequium.
730 2757 859 2793 Extat
889 2756 931 2793 in
961 2770 1145 2794 sermone
1178 2768 1299 2804 quem
1333 2754 1466 2792 Guido
1499 2754 1548 2791 de
1582 2753 1793 2791 Malesicco
1826 2751 1972 2789 habuit

273 2815 309 2850 in
340 2815 497 2862 synodo
524 2814 803 2853 Cameracensi
829 2815 996 2864 insignis
1022 2816 1133 2853 locus
1164 2814 1211 2852 de
1240 2813 1365 2851 literis
1392 2813 1482 2851 illis.
1508 2813 1608 2851 Cum
1635 2812 1742 2850 enim
1767 2811 1972 2849 retulisset

272 2873 542 2921 objectionem
564 2888 665 2923 quae
681 2882 772 2913 tum
790 2874 916 2911 fiebat
938 2873 1211 2912 cardinalibus
1232 2872 1341 2922 quod
1355 2872 1431 2922 ipsi
1453 2887 1524 2922 per
1537 2885 1629 2909 suas
1645 2872 1781 2909 literas
1800 2870 1970 2921 scriptas

274 2932 518 2979 quibusdam
540 2934 790 2983 principibus
818 2933 1032 2972 Urbanum
1055 2940 1310 2982 agnoverant
1339 2946 1422 2970 esse
1448 2945 1590 2969 verum
1614 2944 1779 2981 papam,
1800 2929 1916 2967 addit
1934 2928 1969 2966 '22

320 3063 348 3094 l.
382 3063 419 3095 H.
451 3063 506 3102 N,
535 3076 601 3096 ms.
630 3064 723 3097 latin
751 3065 879 3103 11746,
908 3065 970 3098 fol.
999 3065 1043 3098 49
1071 3069 1120 3097 νο.

321 3118 348 3146 23.
387 3115 716 3160 [lescle-Leclercq,
739 3118 902 3151 Histoire
922 3119 981 3150 des
1001 3118 1164 3158 coni-iles,
1191 3117 1305 3157 Paris,
1329 3117 1434 3156 1915,
1457 3122 1483 3149 t.
1508 3114 1571 3155 V12,
1596 3127 1630 3159 p.
1654 3116 1758 3149 1505.
