2083 3458
48 252 201 307 [1307]
570 269 787 295 PAPARUM
822 270 1206 296 AVENIONENsmM
1652 258 1734 300 823

35 358 202 400 possent
226 350 421 389 adversus
446 351 640 392 eumdem
666 352 825 391 ducem.
851 353 1127 403 Repugnabat
1151 362 1293 394 tamen
1321 355 1615 404 Raymundus3
1639 372 1733 395 con-

33 417 212 448 testatus
238 409 403 450 interim
430 425 469 448 se
497 410 705 449 facturum
732 425 836 461 quae
864 412 1072 452 communi
1099 413 1267 451 consilio
1294 414 1552 464 placuerant,
1579 415 1612 454 si
1640 416 1666 453 ii
1693 416 1733 454 in

33 482 80 507 ea
107 468 312 507 sententia
347 477 594 519 perstarent.
624 470 678 508 Et
705 484 946 521 quanquam
982 486 1115 510 comes
1144 472 1421 513 Gebennensis
1450 489 1542 512 eum
1570 484 1733 525 urgeret

35 527 87 565 ad
105 527 416 577 ingrediendum
435 528 525 576 iter,
544 529 747 567 industria
765 538 908 568 tamen
925 544 998 568 sua
1017 530 1152 569 effecit
1171 546 1220 569 ne
1240 531 1318 570 iret
1347 532 1540 579 {Journal
1558 534 1605 572 de
1627 535 1731 572 Jean

37 587 89 625 Le
119 586 259 634 Fevre‚
287 601 326 637 p.
358 586 437 637 18].

91 645 246 685 Eodem
277 660 400 693 anno,
424 646 487 684 die
510 647 652 685 martis
680 661 736 685 xv
766 647 919 697 aprilis,
945 648 1124 686 Joannes
1156 648 1369 699 episcopus
1399 651 1659 690 Carnotensis
1690 661 1731 690 et

37 705 179 743 Petrus
220 705 268 743 de
308 705 512 754 Thureyo,
553 714 689 744 custos
732 706 934 745 Ecclesiae
977 707 1275 756 Lugdunensis,
1304 709 1496 760 idemque
1536 710 1731 760 magister

35 763 264 804 libellorum
290 764 523 815 supplicum
549 765 590 802 in
615 765 723 815 regia
754 765 895 803 Karoli
920 766 976 803 VI
1004 766 1213 805 Avenione
1241 767 1407 817 digressi
1433 769 1607 818 profecti
1634 778 1731 808 sunt

36 823 189 873 Aptam
214 823 382 870 Juliam,
405 823 477 861 ubi
500 824 639 874 pransi
663 833 759 862 sunt
783 825 893 874 apud
918 825 1270 876 archiepiscopum
1287 827 1582 875 Arelatensem,
1598 842 1729 867 came-

34 881 186 922 rarium
208 896 354 932 papae.
380 882 516 920 Finito
538 883 727 933 prandio,
749 883 885 933 inquit
909 883 950 921 in
972 899 1044 922 suo
1064 885 1208 922 Diario
1234 885 1288 935 [p.
1312 885 1376 935 30]
1403 887 1582 925 Joannes
1609 888 1729 926 Fabri

34 940 247 991 episcopus
276 941 549 989 Carnotensis,
571 942 748 982 invicem
764 943 1087 983 consultavimus
1110 958 1182 993 ego
1202 952 1242 983 et
1265 946 1536 984 seneschallus
1561 947 1728 985 Provin-

34 1000 119 1039 ciae
137 1001 370 1039 cumfratre
396 1001 483 1050 ejus
509 1009 550 1039 et
573 1001 739 1040 domino
763 1001 1030 1039 Casanovano
1051 1002 1098 1040 de
1117 1002 1162 1040 iis
1181 1017 1284 1052 quae
1306 1004 1502 1055 postridie
1521 1005 1728 1045 incumbe-

34 1059 138 1097 bant
161 1060 332 1109 agenda.
360 1059 560 1098 Postridie
586 1060 726 1110 itaque
752 1060 792 1098 in
818 1069 1023 1099 conventu
1051 1061 1234 1101 omnium
1260 1063 1449 1102 ordinum
1476 1064 1728 1112 Provinciae,

34 1118 105 1168 qui
121 1127 212 1156 tum
231 1119 432 1168 agebatur
449 1120 559 1169 apud
581 1120 733 1170 Aptam
754 1119 794 1157 in
814 1120 1063 1159 monasterio
1083 1120 1258 1159 fratrum
1278 1121 1496 1169 Minorum,
1517 1124 1660 1162 Petrus
1680 1125 1727 1162 dc

34 1178 224 1227 Thureyo
259 1187 395 1216 custos
432 1179 715 1228 Lugdunensis
751 1187 929 1216 testatus
964 1188 1026 1217 est
1060 1179 1108 1217 de
1143 1180 1294 1218 affectu
1330 1195 1410 1230 quo
1445 1197 1515 1219 rex
1554 1183 1727 1221 Karolus

33 1237 360 1287 prosequebatur
398 1251 562 1276 causam
605 1237 803 1276 Ludovici
844 1238 1148 1287 Andegavensis
1189 1254 1261 1289 pro
1301 1239 1528 1279 hereditate
1568 1241 1727 1290 reginae

35 1296 236 1351 Joannae,
252 1305 292 1335 et
312 1296 434 1347 petiit
454 1296 531 1335 sibi
546 1297 633 1334 dari
650 1311 890 1347 responsum
906 1297 1017 1346 quod
1032 1298 1177 1335 referre
1195 1307 1332 1348 posset
1347 1298 1399 1336 ad
1415 1314 1563 1349 regem.
1581 1301 1727 1339 Postea

33 1355 246 1406 episcopus
272 1356 530 1394 Carnotensis
555 1365 595 1394 et
619 1356 889 1402 Raymundus
908 1357 1105 1394 Bernardi
1129 1356 1349 1395 disseruere
1372 1367 1576 1407 quantum
1598 1373 1643 1397 ea
1667 1375 1726 1398 res

33 1414 145 1452 cordi
164 1423 252 1453 erat
273 1415 497 1453 Ludovico.
519 1416 624 1455 Tum
645 1415 834 1453 dominus
856 1415 904 1454 de
926 1415 1042 1453 Saltu
1062 1424 1102 1454 et
1124 1416 1318 1465 Georgius
1341 1417 1388 1455 de
1412 1417 1553 1455 Marlio
1574 1418 1685 1457 missi
1704 1433 1726 1456 a

34 1487 140 1524 papa
168 1474 449 1513 favorabiliter
475 1489 588 1524 egere
615 1489 688 1525 pro
716 1474 941 1512 Ludovico.
974 1474 1044 1512 His
1072 1475 1325 1514 sermonibus
1352 1477 1563 1526 respondit
1596 1492 1727 1516 senes-

33 1533 187 1571 challus
220 1533 457 1572 Provinciae
489 1542 653 1583 gratum
683 1534 909 1572 admodum
938 1549 1022 1571 esse
1056 1534 1378 1572 Provincialibus
1410 1536 1520 1585 quod
1546 1547 1657 1586 papa
1687 1545 1728 1575 et

33 1592 118 1630 dux
139 1592 371 1631 Ludovicus
392 1601 512 1631 tanto
534 1607 671 1631 amore
693 1607 785 1642 erga
807 1608 873 1631 eos
898 1593 1143 1642 flagrabant,
1165 1602 1205 1631 et
1228 1593 1408 1632 facturos
1430 1610 1469 1633 se
1492 1594 1532 1632 in
1553 1596 1726 1644 gratiam

32 1651 193 1702 reginae
225 1651 414 1690 dominae
446 1666 541 1690 suae
574 1666 857 1702 quaecumque
889 1666 911 1689 a
955 1651 1070 1690 bonis
1102 1652 1276 1690 subditis
1308 1654 1564 1703 expectanda
1595 1663 1725 1693 erant.

32 1710 136 1748 Tum
157 1711 273 1749 nobis
295 1711 574 1761 significatum
594 1720 656 1749 est
675 1711 737 1749 uti
757 1711 1051 1757 recederemus,
1073 1711 1179 1762 ipsos
1200 1711 1240 1748 in
1260 1712 1451 1752 eumdem
1471 1713 1606 1753 locum
1625 1714 1727 1752 redi-

32 1778 145 1808 turos
170 1778 265 1820 post
290 1770 524 1820 prandium,
551 1770 613 1808 uti
639 1771 779 1809 fecere.
809 1770 1047 1808 Manserunt
1073 1779 1213 1808 autem
1238 1785 1365 1820 usque
1396 1772 1448 1809 ad
1474 1772 1600 1810 solem
1626 1773 1728 1811 occi-

33 1829 212 1867 dentem.
236 1830 291 1868 At
311 1830 583 1868 seneschallus
606 1829 844 1880 episcopum
860 1830 1152 1868 Carnotensem
1172 1829 1294 1878 jussit
1310 1830 1410 1868 bene
1432 1845 1606 1880 sperare.
1624 1832 1726 1870 Ade-

32 1896 126 1926 rant
145 1902 238 1926 cum
258 1903 304 1927 eo
324 1888 619 1939 archiepiscopi
640 1888 888 1926 Arelatensis
908 1897 949 1927 et
970 1888 1186 1938 Aquensis,
1205 1888 1385 1939 episcopi
1405 1904 1500 1927 vero
1521 1891 1727 1940 Aptensis,

3 1968 13 1975 s
33 1947 262 1986 Grassensis
287 1956 329 1986 et
353 1948 614 1986 Massiliensis
649 1948 853 1997 Now-nal,
878 1962 916 1997 p.
942 1947 1024 1998 31].

88 2006 160 2045 Die
178 2007 336 2045 veneris
357 2021 459 2045 xvm
478 2007 615 2057 aprilis
644 2021 805 2046 rursum
824 2006 990 2044 habitus
1009 2015 1071 2044 est
1101 2015 1327 2044 conventus
1347 2007 1387 2044 in
1406 2008 1549 2046 eodem
1568 2023 1727 2047 monas-

32 2065 135 2103 terio
164 2065 340 2106 fratrum
371 2066 587 2105 Minorum.
624 2066 683 2104 Ibi
714 2067 857 2104 Petrus
888 2065 1215 2116 archiepiscopus
1247 2066 1496 2104 Arelatensis
1526 2075 1567 2105 et
1596 2081 1726 2117 papae

32 2124 277 2164 camerarius
304 2125 466 2175 longam
496 2125 724 2165 orationem
750 2124 896 2162 habuit
923 2125 971 2162 de
999 2138 1120 2162 causa
1147 2124 1259 2174 regni
1288 2125 1564 2174 Neapolitani,
1591 2135 1632 2164 et
1659 2141 1726 2164 no-

32 2183 138 2223 mine
164 2192 298 2222 status
324 2184 587 2222 ecclesiastici
612 2183 812 2222 concessit
837 2183 931 2222 duci
955 2183 1182 2221 subsidium
1209 2184 1318 2233 quod
1344 2184 1395 2220 ab
1420 2199 1467 2222 eo
1491 2185 1725 2234 petebatur.

32 2243 312 2281 Seneschallus
337 2243 575 2282 Provinciae
597 2258 671 2293 pro
694 2242 909 2280 nobilitate
932 2251 973 2280 et
994 2257 1066 2292 pro
1088 2242 1336 2292 quibusdam
1358 2242 1597 2282 civitatibus
1621 2244 1725 2282 dixit

32 2316 113 2339 non
152 2302 299 2340 habere
340 2302 546 2352 delegatos
586 2302 856 2340 sufficientem
894 2309 1147 2352 potestatem
1185 2301 1434 2339 concedendi
1473 2316 1576 2351 quae
1615 2311 1726 2352 pete-

31 2361 197 2407 bantur,
219 2360 290 2399 sed
310 2360 438 2399 ituros
462 2361 676 2411 diligenter
697 2361 749 2398 ad
770 2375 843 2399 sua
865 2361 952 2399 loca
974 2368 1015 2398 et
1036 2360 1179 2399 statim
1200 2360 1400 2398 redituros
1422 2360 1473 2398 ad
1500 2361 1725 2399 seneschal-

30 2420 116 2459 lum
137 2428 177 2458 et
197 2434 391 2470 responsa
412 2420 566 2458 laturos
590 2434 693 2470 quae
715 2419 915 2470 placitura
940 2427 1074 2457 essent
1095 2418 1281 2469 principi.
1306 2419 1478 2456 Addidit
1499 2421 1724 2458 seneschal-

30 2479 91 2517 lus
114 2479 225 2529 quod
246 2478 278 2517 si
301 2478 574 2518 Provinciales
597 2479 878 2517 concedebant
900 2477 1142 2525 subsidium,
1164 2492 1208 2515 ea
1231 2477 1459 2516 intentione
1481 2478 1521 2515 id
1543 2478 1725 2517 facerent

30 2546 77 2576 ut
99 2537 183 2588 ipse
205 2537 393 2588 princeps
416 2537 555 2576 iret'in
577 2551 748 2587 regnum
773 2537 1093 2587 Neapolitanum
1115 2536 1168 2574 ad
1190 2536 1451 2575 asserendam
1473 2537 1652 2586 reginam
1683 2537 1724 2575 in

30 2596 279 2643 libertatem,
314 2596 435 2636 simul
470 2597 596 2636 etiarn
629 2605 677 2634 ut
710 2597 974 2635 confirmaret
1006 2609 1147 2634 eorum
1179 2594 1405 2645 privilegia.
1443 2595 1640 2634 Dominus
1675 2597 1723 2635 de

32 2656 161 2703 Saltu,
198 2655 468 2704 Raymundus
501 2654 700 2693 Bernardi
736 2664 777 2693 et
812 2654 1005 2704 Georgius
1050 2654 1098 2692 de
1133 2653 1289 2700 Marlio,
1323 2653 1517 2703 magister
1556 2654 1725 2705 hospitii

31 2714 186 2754 domini
207 2728 353 2764 papae,
377 2714 601 2753 conventui
624 2713 775 2764 gratias
799 2721 970 2763 egerunt
993 2712 1155 2750 nomine
1178 2726 1309 2762 papae
1329 2713 1563 2760 Clementis,
1587 2722 1723 2752 custos

32 2772 313 2823 Lugdunensis
337 2772 500 2811 nomine
523 2773 640 2823 regis,
663 2772 877 2823 episcopus
894 2771 1154 2810 Carnotensis
1178 2771 1341 2809 nomine
1356 2771 1563 2822 principis.
1586 2773 1723 2811 Massi-

30 2832 172 2871 lienses
206 2832 429 2870 contestati
461 2839 558 2870 sunt
589 2831 695 2869 nolle
726 2845 766 2869 se
797 2839 845 2869 ut
875 2830 1057 2881 ipsorum
1088 2829 1242 2868 mentio
1277 2830 1391 2868 fieret
1422 2830 1586 2870 mixtim
1632 2845 1721 2869 cum

32 2890 373 2938 provincialibus,
392 2890 487 2940 quia
509 2904 702 2941 responsa
726 2904 797 2928 sua
821 2889 1002 2928 fecerant
1023 2888 1275 2938 singillatim.
1299 2889 1511 2928 Postremo
1534 2889 1723 2928 dominus
1773 2909 1776 2911 *

32 2951 80 2988 de
105 2950 224 2988 Saltu
247 2949 478 3000 postulavit
501 2957 549 2987 ut
574 2949 624 2986 ob
650 2947 891 2988 memoriam
914 2961 1049 2986 rerum
1073 2947 1174 2985 bene
1201 2955 1409 2996 gestarum
1433 2948 1544 2997 apud
1570 2949 1724 2998 Aptarn

29 3009 116 3047 dux
148 3008 379 3046 Ludovicus
414 3016 455 3046 et
487 3008 549 3046 sui
581 3007 861 3057 supplicarent
901 3020 1032 3056 papae
1066 3005 1128 3043 uti
1160 3006 1346 3056 exemplo
1382 3006 1539 3044 Urbani
1573 3007 1620 3054 V,
1654 3007 1723 3058 qui

29 3068 71 3106 in
94 3068 328 3105 Sanctorum
349 3067 569 3116 catalogum
590 3067 787 3104 retulerat
810 3065 1033 3104 Alziarium
1055 3064 1248 3103 comitem
1271 3064 1424 3112 Ariani,
1446 3065 1531 3115 ipse
1557 3066 1723 3116 Dalphi-

31 3141 126 3165 nam
156 3126 243 3176 ejus
275 3140 460 3173 uxorem,
492 3139 596 3175 quae
628 3125 668 3162 in
700 3124 948 3162 monasterio
978 3124 1139 3173 sepulta
1171 3131 1233 3161 est
1262 3123 1304 3161 in
1335 3138 1415 3173 quo
1446 3124 1612 3162 habitus
1644 3125 1723 3164 fuit
