2083 3458
245 226 323 268 712-
890 238 1042 263 NOTAE
1077 238 1137 263 AD
1172 237 1300 262 vrTAs
1811 222 1953 279 [1193]

244 340 321 363 non
348 323 660 375 principalibus,
688 330 722 360 et
747 321 934 371 precipue
961 322 1228 372 apostoloram
1254 321 1363 359 Petri
1390 330 1424 360 et
1450 322 1574 360 Pauli
1602 316 1681 360 non
1709 323 1752 373 fit
1778 323 1965 361 consisto-

243 386 359 422 rium.

296 445 338 482 P.
375 443 463 490 423,
497 442 562 491 lig.
598 441 659 479 20.
695 441 990 478 FLORENTINA.
1025 440 1122 478 Voir
1155 441 1198 479 L.
1234 441 1357 478 Mirot
1392 441 1467 490 (La
1498 441 1689 492 politisque
1720 442 1963 492 pontificale,

244 519 282 554 p.
307 502 441 552 73-98)
465 510 506 540 et
528 500 671 539 Mollat
695 501 784 549 (Les
804 514 928 550 papes
950 500 1194 550 d’Avignon,
1216 515 1255 551 p.
1281 500 1483 550 159-16521.

296 563 338 600 P.
365 562 454 609 425,
479 561 545 611 lig.
575 561 635 598 14.
664 561 757 598 CUM
783 574 1000 599 ExssnciTU
1026 574 1245 598 ARMATOR.
1272 560 1319 597 In
1340 560 1477 598 codice
1503 559 1555 598 56⁴
1577 561 1852 605 bibliothecae
1874 561 1962 600 Col-

242 622 427 660 bertinae
446 621 460 643 ¹
485 628 603 659 extat
625 619 770 657 tabula
799 619 982 669 gentium
1011 633 1221 659 armorum
1246 619 1516 658 existentium
1540 620 1583 658 in
1609 620 1778 659 servitio
1807 621 1970 659 domini

242 695 372 732 papae
405 689 446 719 et
478 680 515 718 d.
552 679 724 717 Roberti
757 679 973 717 cardinalis
1008 679 1302 727 Gebennensis,
1336 680 1587 730 apostolicae
1621 680 1733 719 Sedis
1766 680 1892 730 legati
1921 680 1964 718 in

246 741 378 788 Italia,
400 755 508 778 anno
529 739 865 786 MCCCLXXVI,
887 747 928 777 et
948 738 1202 777 solutionum
1224 740 1430 777 factarum
1450 754 1522 790 per
1542 740 1756 778 dominum
1778 740 1963 779 Francis-

242 814 333 838 cum
370 800 418 838 de
459 799 605 846 Incisa,
642 799 882 849 episcopum
918 798 1167 848 Aquensem,
1204 799 1247 837 in
1283 799 1438 837 ditione
1475 799 1792 838 Monferratensi
1826 800 1963 838 locum

240 868 448 898 tenentem
472 859 517 897 B.
541 858 721 909 episcopi
741 858 1025 906 Bononiensis,
1048 873 1122 908 pro
1144 859 1312 897 domino
1333 867 1475 897 nostro
1496 873 1605 909 papa
1632 859 1775 898 Italiae
1796 860 1962 897 thesau-

240 919 333 957 rarii
354 918 564 969 generalis.
589 919 701 956 Inter
719 918 791 956 has
813 926 952 968 gentes
973 932 1180 956 armorum
1201 918 1385 968 principe
1404 918 1493 957 loco
1513 919 1752 957 nominatur
1771 919 1962 958 dominus

242 980 420 1017 Joannes
442 978 591 1028 Agund
612 978 852 1028 capitaneus
873 977 1152 1027 Anglicorum.
1177 978 1333 1016 Deinde
1354 978 1546 1016 dominus
1569 979 1749 1017 Joannes
1770 978 1961 1017 dominus

240 1039 287 1077 de
317 1038 549 1076 Malastroit
572 1037 586 1059 2
611 1037 851 1088 capitaneus
881 1037 1076 1087 generalis
1105 1037 1337 1077 Britonum.
1364 1038 1513 1076 Postea
1540 1038 1730 1076 dominus
1760 1039 1881 1088 Hugo
1913 1038 1962 1077 de

242 1098 372 1148 Rupe,
392 1106 433 1136 et
452 1097 641 1135 dominus
662 1097 860 1135 Geraldus
880 1097 928 1135 de
949 1097 1082 1147 Rupe,
1102 1097 1287 1136 fortassis
1305 1106 1425 1148 pater
1442 1106 1484 1136 et
1504 1098 1623 1136 filius.
1646 1098 1750 1135 Nam
1773 1098 1894 1148 Hugo
1913 1098 1962 1136 de

243 1158 372 1208 Rupe,
402 1157 466 1195 cui
495 1156 701 1207 Dalphina
729 1171 842 1195 soror
870 1156 1052 1207 Gregorii
1081 1157 1143 1194 XI
1171 1165 1303 1208 nupta
1331 1166 1433 1205 erat,
1464 1157 1593 1195 filium
1621 1157 1770 1195 habuit
1797 1157 1961 1196 nomine

243 1217 484 1263 Geraldum3
504 1217 597 1255 vide
616 1230 753 1267 supra,
772 1231 811 1266 p.
831 1216 920 1254 834.

292 1277 336 1315 Ρ.
366 1276 456 1323 426,
485 1276 552 1326 lig.
583 1276 644 1313 22.
678 1276 860 1313 MAJORA
889 1290 941 1314 Ac
971 1290 1149 1314 PEJORA.
1181 1276 1265 1314 Sub
1293 1277 1371 1314 hoc
1409 1276 1700 1316 obscurissimo
1737 1276 1960 1315 verborum

238 1336 451 1374 involucro
475 1335 631 1385 tegitur
654 1349 852 1385 magnum
876 1349 1075 1373 arcanum
1098 1337 1301 1374 hactenus
1325 1335 1665 1386 praetermissum
1690 1336 1742 1373 ab
1768 1335 1959 1374 omnibus

239 1394 507 1446 scriptoribus
544 1395 825 1443 historiarum,
863 1395 1059 1435 nimirum
1097 1396 1306 1435 Romanos
1342 1404 1554 1446 pertaesos
1591 1396 1777 1434 diutinae
1814 1396 1959 1434 absen-

237 1454 320 1493 tiae
341 1454 595 1494 Pontificum
622 1455 907 1494 Romanorum
928 1455 1157 1494 decrevisse
1176 1463 1224 1493 ut
1252 1455 1285 1493 si
1306 1455 1523 1505 Gregorius
1547 1455 1608 1493 XI
1628 1456 1755 1493 nollet
1781 1456 1959 1493 Romam

238 1514 383 1561 redire,
402 1514 489 1564 ipsi
517 1514 644 1553 alium
671 1528 826 1564 papam
853 1528 923 1552 seu
950 1514 1089 1565 potius
1119 1514 1366 1565 antipapam
1394 1523 1582 1554 crearent
1621 1515 1820 1553 adversus
1848 1529 1958 1563 eum,

237 1574 299 1611 uti
320 1582 442 1612 antea
464 1574 662 1612 adversus
686 1574 891 1613 Joannem
914 1574 1045 1611 XXII
1066 1574 1227 1613 factum
1248 1575 1398 1613 fuerat.
1424 1575 1531 1613 Hinc
1552 1589 1646 1624 ergo
1667 1574 1786 1613 facile
1807 1573 1957 1613 intelli-

239 1633 347 1682 gitur
370 1633 517 1683 quanti
540 1633 710 1683 periculi
732 1633 786 1671 sit
808 1634 926 1672 edere
949 1634 1058 1672 mala
1081 1635 1271 1685 exempla
1294 1634 1469 1684 posteris
1491 1634 1695 1672 nocitura.
1721 1634 1956 1672 Ludovicus

242 1693 297 1729 IV
316 1692 542 1742 imperator
561 1692 619 1730 ira
640 1701 681 1731 et
702 1693 795 1730 odio
814 1693 1101 1733 inflammatus
1123 1694 1321 1732 adversus
1344 1695 1564 1741 Joannem,
1585 1694 1648 1732 uti
1675 1708 1799 1744 supra
1819 1708 1859 1744 p.
1882 1691 1958 1731 703

238 1752 489 1791 adnotatum
520 1761 596 1799 est,
628 1752 759 1801 legem
790 1752 977 1791 ediderat
1017 1753 1214 1791 adversus
1256 1753 1491 1792 absentiam
1534 1754 1819 1792 Romanorum
1851 1753 1956 1791 Pon-

238 1811 414 1858 tificum,
438 1811 559 1850 simul
581 1811 801 1851 arbitrium
821 1812 1030 1850 electionis
1053 1813 1240 1851 tribuens
1260 1813 1502 1864 imperatori
1521 1821 1563 1851 et
1577 1813 1731 1864 populo
1752 1813 1956 1860 Romano,

238 1878 278 1908 et
309 1884 406 1909 mox
435 1885 529 1910 cum
557 1871 700 1921 populi
730 1871 882 1909 auxilio
912 1872 1123 1911 aemulum
1151 1873 1365 1912 levaverat
1386 1873 1583 1911 adversus
1615 1873 1833 1912 Joannem.
1867 1872 1955 1910 Hoc

238 1930 415 1980 pessimo
437 1931 625 1980 exemplo
648 1930 842 1969 instructi
867 1931 1058 1979 Romani,
1082 1946 1177 1971 cum
1212 1932 1402 1971 viderent
1426 1932 1668 1982 Gregorium
1693 1932 1754 1969 XI
1785 1927 1954 1982 praede-

238 2003 445 2028 cessorum
472 2004 639 2029 suorum
667 1990 849 2040 vestigiis
876 1990 1162 2031 inhaerentem
1189 1992 1390 2042 negligere
1419 1992 1563 2030 urbem
1593 1992 1784 2039 Romam,
1813 2005 1955 2029 eorum

238 2048 528 2088 seditiosorum
563 2049 749 2098 ejusdem
783 2050 894 2088 urbis
932 2050 1002 2100 qui
1037 2051 1283 2102 antipapam
1318 2060 1535 2090 erexerant
1570 2051 1766 2089 adversus
1800 2064 1955 2100 papam

240 2108 444 2147 Joannem
474 2109 710 2158 exemplum
740 2109 855 2159 sequi
885 2117 1139 2158 statuerunt,
1170 2110 1211 2148 id
1241 2119 1317 2159 est,
1348 2111 1594 2162 antipapam
1628 2111 1825 2148 adversus
1858 2110 1953 2148 Gre-

238 2167 397 2216 gorium
429 2168 678 2206 constituere
711 2168 753 2206 in
785 2169 884 2207 urbe
921 2169 1067 2217 Roma,
1101 2184 1147 2208 ac
1179 2179 1399 2221 propterea
1438 2171 1636 2208 abbatem
1669 2169 1953 2208 Cassinensem

237 2230 456 2264 traxerunt
481 2227 522 2264 in
548 2236 699 2277 partes.
728 2228 936 2267 Arcanum
961 2229 1038 2267 hoc
1058 2229 1175 2268 nobis
1203 2238 1501 2269 conservarunt
1523 2238 1650 2268 testes
1676 2230 1824 2268 horum
1848 2237 1953 2267 tem—

237 2300 398 2335 porum,
427 2294 553 2325 testes
587 2287 665 2325 fide
696 2287 821 2337 digni.
854 2288 1046 2327 Nicolaus
1078 2289 1284 2338 Eymerici
1314 2289 1466 2327 ordinis
1497 2289 1851 2336 Praedicatorum‚
1882 2288 1952 2338 qui

236 2353 328 2382 tum
360 2354 448 2383 crat
481 2346 700 2395 inquisitor
732 2347 998 2397 Arragoniae,
1030 2356 1213 2386 testatur
1244 2349 1285 2386 in
1326 2347 1616 2398 depositione3
1657 2362 1782 2398 quam
1815 2347 1951 2386 emisit

238 2404 279 2441 in
297 2404 415 2442 initio
436 2405 668 2443 schismatis
690 2407 800 2455 quod
820 2421 926 2444 anno
945 2408 1114 2445 Domini
1141 2408 1351 2445 millesimo
1374 2408 1639 2446 trecentesimo
1657 2407 1951 2458 septuagesimo

238 2472 340 2500 sexto
374 2464 477 2501 circa
511 2465 631 2514 finem
665 2466 812 2503 mensis
844 2467 1008 2515 augusti
1041 2467 1098 2504 vel
1129 2467 1383 2517 principium
1417 2467 1564 2505 mensis
1595 2467 1842 2517 septembriS,
1877 2480 1950 2516 quo

239 2530 406 2572 tempore
435 2524 490 2561 bo.
519 2539 588 2562 me.
618 2525 803 2562 (lominus
836 2525 1048 2574 Gregorius
1072 2541 1183 2576 papa
1202 2527 1275 2564 'XI
1292 2527 1447 2564 curiam
1466 2527 1678 2576 transferre
1698 2527 1741 2563 in
1772 2525 1951 2564 Ytaliam

240 2581 484 2631 disponebat,
525 2592 712 2621 venerunt
749 2585 951 2622 Am‘nione
976 2585 1106 2623 Lucas
1144 2586 1188 2623 cle
1227 2586 1399 2623 Sabellis
1436 2586 1624 2636 princeps
1662 2586 1883 2632 Romanus,
1917 2593 1952 2622 et

238 2640 344 2677 alius
378 2641 540 2690 qnidam
573 2657 618 2680 em
651 2644 761 2693 parte
795 2653 828 2681 et
870 2644 1029 2681 nomine
1072 2645 1183 2682 urbis
1226 2645 1347 2683 Rome
1388 2660 1457 2683 Seu
1503 2646 1667 2690 civium,
1694 2658 1949 2682 romanorum

241 2700 378 2736 nuncii
401 2715 468 2737 sen
490 2702 782 2740 ambaaeiatores
804 2703 991 2741 destinati
1013 2704 1065 2741 ad
1086 2704 1328 2742 antedictum
1350 2705 1557 2742 dominum
1580 2712 1758 2742 nostrum
1782 2718 1947 2754 papam,

288 2851 317 2882 ¹1.
349 2852 387 2884 B.
413 2852 469 2891 N„
491 2866 556 2886 ms.
578 2854 673 2887 latin
692 2856 796 2896 4190,
818 2857 880 2890 sol.
903 2858 947 2891 26
966 2859 1070 2892 v0-33
1091 2864 1141 2892 v0.

293 2907 321 2936 23.
356 2905 395 2938 Η.
426 2907 467 2939 Λ.
498 2907 663 2951 Por-quet
693 2911 742 2942 du
777 2911 1024 2952 Haut-Jusse',
1050 2911 1257 2946 Malestroit
1283 2925 1327 2946 en
1350 2913 1468 2953 Italie,
1493 2914 1585 2946 dans
1613 2911 1813 2946 Memoires
1841 2911 1882 2944 de
1911 2909 1946 2943 (α

243 2957 377 2989 Soefblfi
400 2960 586 2993 (l'lzixloire
606 2968 634 2994 el
653 2963 912 3007 d‘arclnssologie
932 2966 973 2998 cle
994 2966 1184 3008 Bremgne,
1212 2967 1316 3007 1926,
1337 2979 1374 3012 p.
1394 2967 1515 3000 61-90.

289 3010 319 3041 53.
343 3012 380 3043 13.
406 3012 460 3050 N,
484 3025 548 3046 ms.
570 3015 665 3048 latin
684 3016 812 3056 11745,
835 3018 897 3051 fol.
919 3020 963 3052 68
983 3024 1026 3052 ΓΟ,
1044 3038 1092 3042 -—
1107 3020 1160 3052 La
1180 3020 1396 3063 deposition
1415 3021 1459 3053 de
1482 3020 1631 3053 Nicolas
1654 3018 1828 3063 Eymerie
1847 3029 1868 3050 a
1886 3018 1946 3051 ἑῒὲ

244 3063 386 3158 ι»ιι]Ί>111“ἒι)“
413 3077 479 3107 par
504 3066 541 3099 L.
571 3068 693 3111 Gayct
722 3070 783 3111 (Le
813 3071 939 3104 Grancl
962 3072 1125 3106 Schisma
1149 3073 1368 3113 (socordem,
1397 3074 1586 3113 Florence,
1612 3073 1719 3112 1889,
1745 3079 1772 3105 t.
1796 3084 1820 3112 1,
1847 3083 1881 3115 p.
1907 3082 1945 3110 ΙΙ,

243 3127 272 3156 Ι).
351 3136 355 3146 ¹
392 3143 397 3149 .
