2083 3458
63 179 186 234 [765]
592 195 808 220 PAPARUM
843 193 1229 219 AVENIONENSIUM
1669 176 1749 217 267

105 278 168 316 Ex
189 285 308 328 gente
329 277 446 316 istius
470 277 686 316 cardinalis
708 277 874 315 videtur
897 276 1095 327 prodiisse
1122 276 1266 314 Petrus
1293 275 1342 314 de
1364 275 1483 326 Capis
1504 275 1530 322 1,
1557 275 1626 325 qui
1651 276 1751 326 epis-

51 351 176 388 copus
208 335 505 375 Suessionensis
536 337 669 374 evasit
699 350 806 374 anno
838 335 1144 383 MCCCXXXI,
1175 342 1217 374 et
1248 334 1394 373 obiisse
1425 334 1616 372 scribitur
1646 348 1753 371 anno

54 395 350 434 MCCCXLVII
381 394 446 445 [13
464 394 726 445 novembre].

105 454 148 493 P.
184 453 271 502 167,
301 453 368 503 lig.
399 453 435 493 7.
465 453 689 491 MATHEUM
724 468 778 491 DE
812 454 999 492 Unsmxs.
1034 453 1186 491 Fuerat
1221 452 1287 492 ille
1318 451 1464 491 missus
1497 466 1604 490 anno
1636 465 1752 502 supe-

52 512 154 552 riore
183 513 235 550 ad
262 526 415 563 papam
445 512 649 551 Joannem
677 520 725 550 ut
753 526 846 551 eum
875 527 925 551 ex
952 520 1070 563 parte
1099 512 1240 562 populi
1270 510 1446 550 Romani
1475 510 1673 549 invitaret
1703 509 1755 548 ad

53 572 301 611 veniendum
325 570 368 609 in
392 571 556 617 urbem3
585 571 706 609 Odor.
738 571 957 621 Raynald.,
979 585 1043 610 an.
1073 570 1187 619 1327,
1221 570 1238 619 ἓ
1265 569 1300 609 6.
1330 570 1490 608 Extant
1515 569 1556 607 in
1586 568 1755 607 Archivo

53 630 160 680 regio
182 630 455 680 Neapolitano
473 630 615 669 literae
638 630 808 669 Roberti
828 630 929 679 regis
951 630 1108 668 Siciliae
1129 630 1252 668 datae
1272 629 1443 679 Neapoli
1463 643 1534 679 per
1554 629 1758 667 ‘Joannem

57 690 227 728 Grillum
250 689 298 728 de
322 688 488 727 Salerno
511 702 619 726 anno
644 688 808 727 Domini
833 688 1114 737 MCCCXXX,
1139 689 1203 727 die
1226 702 1298 726 xlv
1320 687 1473 735 martii,
1496 702 1569 738 pro
1593 686 1760 725 domino

56 748 268 787 Matthaeo
296 747 344 786 de
375 747 466 786 filiis
495 747 588 786 Ursi
616 755 783 786 sanctae
813 747 1024 786 Romanae
1055 747 1258 786 Ecclesiae
1285 746 1526 797 presbytero
1555 745 1761 785 cardinale

56 808 250 846 adversus
280 805 465 845 homines
497 806 639 845 casalis
671 805 708 845 S.
741 806 908 845 Martini
937 805 979 844 in
1011 806 1146 844 Lamis
1178 814 1219 845 et
1250 802 1402 844 Facioli
1431 806 1627 844 vassallos
1659 805 1759 855 ejus.

60 865 105 904 In
132 865 321 904 Rubricis
339 865 353 888 ²
382 866 462 904 sere
489 866 585 904 anni
613 866 725 904 tertii
753 864 1022 915 pontificatus
1049 865 1261 904 Benedicti
1292 865 1390 913 XII,
1421 879 1508 915 cap.
1541 877 1760 910 cccxrwm,

56 925 114 964 ita
132 924 280 975 legitur
300 940 308 963 ε
331 925 358 962 J
362 924 558 963 udicibus.
576 924 735 962 Dantur
749 931 1032 961 conservatores
1048 923 1223 961 Mattlzeo
1238 923 1344 961 tituli
1362 924 1594 962 Sanctorum
1613 922 1761 961 LIohan-

59 983 122 1022 nis
146 992 181 1022 et
204 983 327 1021 Pauli
353 983 574 1033 presbytero
599 983 806 1022 cardinali.
842 982 974 1020 Gratis
995 997 1066 1033 pro
1090 997 1260 1033 persona
1285 983 1514 1025 cardinalis.
1542 982 1646 1021 Item
1672 995 1761 1032 cap.

60 1057 218 1081 CCCLvn
244 1058 252 1081 :
277 1042 507 1080 Patriarebe
530 1042 818 1092 Aquilegiensi.
845 1041 1069 1080 Ildandatur
1086 1042 1186 1091 quod
1207 1041 1383 1079 Mattheo
1407 1041 1513 1079 tituli
1533 1041 1764 1079 Sanctorum

61 1101 261 1140 „Iohannis
289 1110 324 1140 et
351 1101 474 1139 Pauli
504 1101 724 1152 presbytero
755 1100 952 1138 cardinali
983 1100 1106 1149 faciat
1141 1099 1341 1150 justitiam
1378 1108 1511 1138 contra
1543 1100 1765 1138 „Iohannem

60 1161 103 1199 de
127 1160 314 1208 Bellasio,
341 1160 505 1198 militem
532 1159 753 1199 Tridentin.
781 1159 893 1206 dioc.,
919 1173 1039 1210 super
1062 1173 1104 1197 eo
1129 1159 1230 1209 quod
1253 1173 1277 1196 a
1302 1159 1468 1209 quodam
1494 1160 1639 1196 nuncio
1673 1158 1765 1196 dicti

60 1219 277 1258 cardinalis
297 1227 450 1257 centum
468 1219 593 1257 libras
612 1227 646 1257 et
666 1219 871 1269 quemdam
890 1233 1032 1268 equum
1052 1218 1209 1256 extorsit
1228 1226 1262 1255 et
1282 1218 1325 1255 in
1345 1217 1579 1255 monasterio
1601 1218 1638 1255 S.
1662 1217 1767 1254 Lau-

61 1278 177 1316 rentii
204 1278 475 1317 Tridentinen.
499 1278 580 1316 sibi
604 1278 780 1328 dampna
806 1277 951 1316 intulit.
979 1276 1110 1315 Gratis
1133 1291 1204 1327 pro
1229 1277 1387 1314 domino
1411 1277 1623 1317 cardinale.
1649 1276 1768 1313 Anno

62 1337 452 1384 MCCCXXXVIII,
487 1337 550 1376 die
584 1351 685 1374 xvm
721 1336 959 1384 decembris,
994 1336 1128 1374 factus
1163 1343 1225 1374 est
1267 1335 1479 1386 episcopus
1515 1335 1767 1379 Sabincnsisg

62 1411 112 1436 ex
134 1396 239 1434 libro
265 1396 564 1446 Obligationum
582 1397 609 1435 3,
637 1395 739 1435 Vide
766 1396 1012 1446 Prosperum
1038 1395 1312 1444 Mandosium,
1339 1409 1377 1445 p.
1406 1395 1469 1443 84,
1496 1394 1769 1432 bibliothecae

66 1456 276 1494 Romanae
306 1455 351 1506 [t.
370 1455 422 1505 1].
1121 1457 1124 1460 ⁴

117 1515 249 1552 Extat
275 1514 316 1552 in
346 1514 476 1553 veteri
506 1514 643 1553 codice
671 1528 765 1552 mss.
793 1513 1032 1552 monasterii
1061 1512 1336 1553 Cluniacensis
1366 1527 1496 1551 sermo
1527 1527 1648 1562 quem
1676 1512 1769 1551 fecit

66 1573 310 1613 reverendus
329 1581 447 1624 pater
466 1573 654 1612 dominus
674 1573 890 1611 Mathaeus
910 1572 1021 1610 tituli
1041 1572 1287 1611 Sanctorum
1306 1571 1477 1610 Joannis
1497 1571 1773 1622 evangelistae
1808 1618 1809 1621 Ἰ

67 1632 153 1681 (sic)
184 1646 320 1671 coram
348 1632 514 1670 domino
541 1646 650 1682 papa
677 1640 718 1670 et
746 1631 1035 1679 cardinalibus,
1064 1645 1172 1669 anno
1199 1631 1434 1670 nativitatis
1465 1631 1629 1669 Domini
1659 1629 1772 1668 1332.

120 1692 163 1730 P.
190 1691 277 1739 167,
301 1691 367 1741 lig.
392 1691 428 1729 8.
455 1691 637 1729 PETRUM
663 1705 718 1728 DE
743 1691 929 1737 TOLETo,
954 1705 1023 1729 seu
1046 1690 1185 1741 potius
1211 1690 1379 1729 Petrum
1404 1689 1582 1728 Gometii
1607 1689 1654 1728 de
1677 1689 1773 1727 Bar-

68 1765 172 1798 roso,
192 1750 350 1788 dictum
369 1751 417 1789 de
436 1750 588 1788 Toledo
608 1750 703 1800 quia
723 1757 811 1788 erat
831 1749 981 1799 origine
1001 1750 1224 1788 Toletanus
1244 1764 1294 1788 ex
1312 1749 1439 1787 nobili
1458 1763 1613 1799 genere.
1637 1747 1774 1786 Fuisse

68 1824 161 1848 eum
181 1809 314 1860 primo
336 1809 513 1859 priorem
537 1809 739 1847 Ecclesiae
765 1808 1017 1858 Hispalensis
1041 1808 1182 1847 scribit
1207 1808 1386 1846 Didacus
1413 1808 1527 1847 Ortiz
1550 1808 1597 1846 de
1622 1807 1774 1856 Zuniga

67 1868 109 1906 in
131 1868 363 1906 Annalibus
385 1868 700 1919 Hispalensibus
735 1868 787 1918 [p.
815 1867 928 1918 185}
955 1867 1103 1906 Postea
1126 1868 1260 1906 factus
1284 1875 1346 1906 est
1369 1867 1582 1917 episcopus
1607 1866 1775 1905 Cartha-

70 1927 243 1977 ginensis
263 1927 278 1950 ⁴
297 1935 392 1978 post
413 1941 568 1965 annum
590 1926 807 1965 MCCCXV
826 1934 873 1964 ut
892 1926 1022 1964 tradit
1038 1927 1277 1965 Franciscus
1293 1926 1476 1965 Cascales
1500 1925 1584 1976 [fol.
1609 1925 1684 1963 429
1700 1924 1773 1974 r0].

72 1986 247 2025 Demum
259 2001 355 2025 vero
364 1986 579 2037 presbyter
592 1985 808 2024 cardinalis
821 1985 934 2023 tituli
945 1985 1119 2024 Sanctae
1130 1985 1325 2024 Praxedis
1338 1984 1735 2024 annoMCCCXXVI
1745 1983 1772 2021 I.

123 2044 173 2083 Ei
198 2045 372 2083 Alvarus
400 2044 566 2094 Pelagii,
595 2045 664 2095 qui
690 2052 834 2095 postea
862 2044 941 2082 fuit
967 2044 1181 2095 episcopus
1209 2044 1418 2092 Silvensis,
1444 2043 1556 2083 dicat
1575 2043 1698 2081 libros
1716 2043 1775 2080 De

70 2104 231 2154 planctu
254 2103 463 2143 Ecclesiae.
493 2103 663 2141 Initium
687 2111 827 2142 autem
851 2097 995 2142 eoruni
1014 2103 1073 2141 ita
1098 2118 1138 2142 se
1161 2103 1289 2142 habet
1314 2119 1322 2142 ε
1348 2102 1521 2154 Optimis
1545 2101 1720 2140 moribus
1744 2109 1777 2138 et

71 2162 282 2201 virtutibus
303 2163 492 2201 adornato
514 2163 717 2212 utriusque
736 2162 842 2212 juris
871 2162 1038 2200 scientia
1063 2163 1237 2200 decorato
1266 2162 1372 2213 patri
1403 2160 1724 2200 reverendissimo
1745 2168 1778 2197 et

70 2222 270 2271 singulari
302 2221 460 2260 domino
492 2221 650 2259 domino
682 2221 796 2259 Petro
835 2220 1021 2269 Gomesii,
1053 2221 1242 2272 Hispano
1286 2235 1421 2271 genere
1462 2220 1600 2269 nobili,
1634 2219 1713 2257 vita
1744 2227 1777 2256 et

71 2280 265 2319 honestate
292 2280 478 2319 nobiliori
506 2280 611 2319 tituli
635 2281 774 2319 Sancte
796 2280 989 2318 Praxedis
1015 2280 1212 2318 cardinali
1239 2280 1476 2329 dignissimo
1498 2280 1717 2330 presbytero
1744 2285 1777 2314 et

70 2339 218 2378 seniori
239 2339 360 2389 frater
381 2340 555 2378 Alvarus
577 2339 736 2389 Pelagii
760 2339 804 2377 de
827 2339 963 2377 ordine
986 2339 1036 2377 M
1040 2339 1198 2377 inorum
1220 2339 1475 2390 professione,
1501 2338 1658 2376 natione
1681 2337 1722 2374 H
1727 2336 1776 2374 is-

72 2413 217 2449 panus,
238 2398 544 2449 penitentiarius
564 2398 716 2436 domini
735 2412 850 2448 pape.

125 2458 244 2495 Anno
275 2457 566 2496 MCCCXXXI
598 2465 774 2496 exeunte
805 2457 973 2495 vacavit
997 2457 1176 2495 Ecclesia
1208 2456 1433 2495 Aeduensis
1456 2471 1526 2506 per
1554 2454 1775 2506 promotio-

122 2631 154 2664 1.
175 2629 313 2664 C'etait
329 2641 398 2663 son
414 2630 508 2664 frere
530 2629 685 2674 (Mollat,
705 2642 740 2663 n.
759 2630 890 2670 46099,
909 2630 1040 2670 46102‚
1060 2630 1190 2670 52926,
1210 2629 1355 2673 54524).
1376 2629 1444 2662 Les
1462 2629 1634 2672 registres
1653 2628 1777 2672 ponti-

78 2684 200 2717 ficaux
221 2682 274 2717 lui
296 2682 487 2727 assignent
509 2689 643 2727 quatre
666 2694 815 2716 neveux
838 2696 845 2716 :
870 2683 979 2724 Jean‚
1005 2682 1217 2717 Guillaume
1240 2689 1277 2716 et
1302 2682 1435 2722 Pierre‚
1463 2681 1518 2715 fils
1543 2682 1586 2714 de
1610 2682 1707 2714 Jean
1729 2692 1776 2714 ou

74 2737 242 2771 Joannet
276 2737 320 2769 de
354 2736 525 2780 Chappes
563 2736 719 2780 (Mollat,
754 2748 789 2770 n.
824 2736 955 2776 46100,
990 2737 1121 2775 46101,
1156 2736 1286 2775 53009,
1323 2735 1451 2775 53010,
1488 2734 1776 2778 54526-54530);

76 2789 210 2830 Pierre‚
233 2791 279 2823 ne
302 2789 346 2822 de
368 2789 495 2823 Pierre
515 2789 556 2822 de
576 2789 818 2833 Monteglisco
843 2789 999 2832 (Mollat,
1023 2801 1058 2822 n.
1084 2788 1229 2831 54525).

126 2843 157 2876 2.
180 2842 303 2882 Vidal,
327 2853 362 2876 n.
386 2842 480 2876 4630
502 2847 541 2875 et
563 2842 667 2876 5095.

125 2897 157 2929 3.
181 2894 304 2935 Vidal,
328 2900 356 2928 t.
378 2907 416 2936 11,
441 2906 476 2939 p.
502 2895 582 2929 430.
606 2913 656 2918 —
676 2894 822 2928 Matteo
845 2893 969 2928 Orsini
992 2899 1146 2927 mourut
1168 2894 1200 2926 le
1223 2894 1269 2927 18
1292 2894 1385 2926 aofit
1407 2893 1500 2927 1340
1527 2892 1661 2936 (Vidal,
1688 2899 1714 2927 t.
1737 2905 1775 2933 11,

75 2959 112 2991 p.
132 2947 229 2992 432).
249 2947 320 2981 Sur
336 2947 399 2986 lui,
419 2947 500 2981 voir
516 2947 639 2989 Vidal,
658 2953 686 2982 t.
703 2960 755 2988 111,
775 2959 810 2992 p.
830 2947 911 2981 159.
1616 2991 1620 2994 η

124 3001 158 3035 4.
187 3000 236 3034 Sa
254 2999 489 3034 nomination
508 3012 555 3033 au
574 3000 670 3044 siege
690 3001 734 3033 de
754 2999 986 3043 Carthagene
1005 3006 1069 3033 eut
1087 2999 1160 3032 lieu
1177 2999 1209 3031 le
1228 3000 1248 3032 3
1267 2999 1479 3043 septembre
1503 2999 1596 3033 1326
1619 2998 1775 3042 (Mollat,

76 3065 112 3088 n.
145 3053 288 3098 26388).
