2083 3458
138 225 289 281 [1068]
657 243 871 268 PAPARUM
907 213 1289 268 A.VENIONENSIUM
1737 226 1817 267 587

125 339 239 362 suam
260 325 302 362 in
322 324 548 374 periculum
569 325 729 364 animae
751 340 846 364 suae
867 335 908 365 et
928 327 1155 365 secundum
1175 326 1469 365 conscientiam
1488 340 1605 364 suam
1626 325 1820 364 affirmas-

124 392 186 422 set
210 398 295 422 esse
319 397 474 430 veram,
501 384 652 433 quippe
679 385 748 434 qui
772 386 889 424 testis
915 394 1004 424 erat
1027 386 1373 435 locupletissimus
1398 385 1440 423 in
1464 385 1540 423 hac
1566 398 1702 432 causa,
1728 398 1821 423 cum

125 455 265 481 eorum
284 455 378 492 pars
398 455 547 492 magna
568 443 725 489 fuisset,
747 444 903 482 factum
925 453 987 482 est
1006 453 1053 482 ut
1073 445 1324 482 auctoritate
1345 444 1420 482 viri
1440 444 1618 494 permoti
1639 443 1709 493 qui
1729 443 1823 481 ade-

125 509 232 548 rant,
255 501 494 551 scrupulum
517 514 679 539 omnem
702 502 1104 553 dubitationemque,
1127 504 1159 541 si
1182 517 1260 553 qua
1284 511 1386 551 erat,
1411 503 1652 552 abjecerint,
1670 501 1822 540 sedatis

126 559 310 608 omnium
333 559 605 598 conscientiis.
632 560 772 609 Neque
796 561 904 599 enim
926 562 1144 600 verisimile
1167 562 1401 609 videbatur,
1424 561 1543 599 addit
1563 561 1673 600 idem
1696 560 1823 599 conti-

127 627 290 666 nuator,
310 618 444 656 virum
463 625 645 666 tantum,
665 619 723 656 ita
744 619 926 668 doctum,
948 620 996 658 de
1017 634 1097 670 quo
1116 634 1265 670 magna
1284 621 1395 670 apud
1416 634 1554 659 omnes
1574 627 1669 658 erat
1688 619 1825 669 opinio

127 677 195 728 qui
217 691 310 716 cum
331 685 548 724 noverant,
570 678 747 716 voluisse
775 679 981 727 jacturam
1002 687 1193 717 aeternae
1214 693 1312 718 suae
1332 679 1476 717 salutis
1506 679 1638 717 facere
1659 686 1828 728 propter

126 750 308 775 amorem
340 743 414 778 aut
448 736 587 774 odium
620 736 796 774 hominis
827 737 1019 776 viventis.
1051 738 1232 776 All'eram
1260 746 1400 776 autem
1432 738 1520 787 ipsa
1559 738 1646 787 ejus
1678 736 1823 775 verba:

127 794 207 832 Car
230 795 260 833 il
282 794 380 833 n’est
396 809 471 844 pas
488 795 797 844 oraysemblable
816 810 885 846 qne
905 811 958 833 un
976 796 1126 834 homme
1144 797 1187 834 de
1210 797 1259 834 tel
1272 796 1462 834 auctorite
1479 804 1512 834 et
1529 797 1573 833 de
1595 796 1664 834 cele
1678 796 1827 833 seience

129 853 372 903 tesmoingne
397 854 533 891 d'estre
558 854 830 903 prud’homme
856 855 900 892 de
921 863 1007 892 toaz
1027 856 1137 893 ceula:
1162 856 1229 905 qai
1254 856 1286 893 Ze
1311 855 1570 904 cognoissent,
1595 869 1636 892 se
1661 854 1828 892 voaloisc

130 913 322 962 dampnet·
347 927 449 962 pour
474 926 614 950 amour
642 927 688 950 ne
715 927 816 962 pour
843 913 961 951 haine
988 914 1180 951 d‘homme
1203 915 1347 952 vivant.
1369 914 1481 962 Quae
1502 913 1595 952 dein
1622 922 1716 951 acta
1744 913 1828 951 sint

129 972 237 1010 inter
250 971 414 1010 eosdem
428 985 563 1021 regem
578 980 618 1009 et
633 971 884 1010 cardinalem
898 972 1057 1010 dictum
1071 981 1134 1011 est
1147 986 1270 1022 supra
1284 988 1323 1022 p.
1342 972 1456 1020 fflO9,
1473 987 1600 1023 quum
1615 985 1826 1022 ageremus

131 1030 179 1069 de
200 1031 418 1069 Guillelmo
439 1030 488 1068 de
508 1030 720 1079 Agrifolio,
741 1045 874 1080 neque
893 1045 940 1069 ea
961 1031 1083 1069 isthic
1104 1032 1234 1081 repeti
1255 1040 1445 1081 nuncest
1466 1046 1580 1082 opus.

184 1089 289 1128 Sane
320 1089 423 1128 adeo
454 1103 550 1127 vera
583 1098 645 1127 est
675 1090 754 1128 ista
788 1090 1022 1128 observatio
1055 1090 1353 1128 continuatoris
1387 1090 1535 1139 Nangii
1567 1098 1613 1127 ut
1645 1089 1771 1128 etiam
1798 1089 1825 1126 ii

132 1149 201 1198 qui
234 1156 371 1198 partes
405 1148 713 1187 Bartholomaei
747 1149 961 1197 fovebant,
994 1149 1147 1187 inimici
1189 1158 1408 1199 propterea
1446 1149 1563 1187 istius
1599 1148 1831 1195 cardinalis,

132 1208 264 1246 coacti
294 1208 378 1245 sint
407 1207 447 1245 vi
478 1207 666 1246 veritatis
696 1221 914 1257 agnoscere
940 1208 1056 1246 illum
1086 1208 1208 1246 fuisse
1232 1208 1366 1246 virum
1386 1216 1524 1247 rectae
1544 1206 1831 1246 conscientiae.

134 1267 264 1304 Extat
292 1266 400 1305 enim
427 1266 469 1304 in
497 1266 635 1304 codice
661 1265 738 1303 811
767 1266 1041 1305 bibliothecae
1070 1266 1328 1305 Colbertinae
1355 1266 1368 1289 ¹
1406 1266 1606 1316 scriptum
1633 1265 1833 1303 Walth'eri

133 1325 180 1363 de
215 1325 455 1375 Argentina,
489 1325 698 1375 scriptoris
731 1325 1074 1376 paenitentiariae
1109 1325 1263 1363 domini
1283 1339 1442 1375 papae,
1476 1325 1517 1363 in
1551 1339 1631 1374 quo
1664 1324 1836 1375 exponit

134 1385 313 1423 rationes
332 1398 436 1434 quae
454 1398 548 1423 eum
565 1392 786 1422 moverunt
803 1385 855 1422 ad
874 1384 1123 1423 credendum
1141 1385 1353 1422 dominum
1374 1384 1588 1422 Urbanum
1605 1396 1757 1434 papam
1770 1382 1834 1419 *VI

134 1458 218 1482 esse
236 1457 379 1482 verum
396 1457 561 1493 papam.
585 1444 696 1482 Inter
712 1457 778 1482 eas
796 1458 892 1482 vero
907 1443 1088 1482 rationes
1104 1444 1228 1482 istam
1244 1443 1365 1493 ponit
1383 1459 1389 1481 :
1411 1443 1508 1480 Item
1524 1443 1606 1480 vidi
1622 1442 1724 1492 quod
1742 1441 1838 1479 dieti

134 1502 287 1540 domini
305 1503 527 1540 cardinales
545 1502 680 1552 ipsam
697 1502 904 1540 dominum
926 1502 1136 1540 Urbanum
1152 1510 1610 1551 papamweputavenmt.
1632 1500 1738 1541 Nam
1756 1500 1839 1537 vidi

135 1562 236 1611 quod
252 1561 438 1599 dominus
454 1569 547 1600 tanc
563 1561 783 1599 cardinalis
799 1561 1104 1609 Lemovicensis,
1123 1561 1190 1610 qai
1207 1569 1411 1610 reputatus
1422 1560 1508 1609 'fait
1522 1559 1756 1600 conscientie
1771 1572 1840 1596 sue

135 1620 260 1667 homo,
277 1635 355 1657 non
368 1621 597 1670 compulsus
610 1635 680 1670 per
692 1621 877 1670 aliquem,
892 1621 959 1658 sed
972 1620 1244 1670 compatiendo
1258 1620 1327 1667 eis,
1344 1628 1386 1657 ut
1398 1619 1615 1667 videbatur,
1632 1618 1674 1658 in
1688 1631 1841 1656 camera

134 1693 209 1717 sua
229 1679 374 1729 recepit
392 1680 709 1729 supplicationes
728 1694 955 1729 pauperum
975 1679 1203 1717 elericorum
1224 1687 1259 1717 et
1277 1678 1534 1728 plebeiorum,
1555 1686 1589 1716 et
1609 1677 1665 1714 eis
1685 1674 1842 1714 absolu-

134 1739 258 1776 tiones
281 1747 316 1776 et
338 1738 656 1788 dispensationes
678 1752 799 1788 super
821 1739 982 1776 casibus
1005 1738 1050 1775 de
1081 1738 1226 1788 quibus
1259 1738 1344 1787 ipse
1366 1744 1591 1787 potestatem
1622 1749 1690 1773 seu
1714 1743 1843 1772 aucto-

137 1798 292 1835 ritatem
302 1797 389 1834 sine
407 1797 576 1847 speciali
598 1798 784 1835 mandato
803 1812 908 1847 pape
923 1812 1004 1834 non
1017 1797 1186 1834 habebat
1205 1812 1230 1834 a
1243 1797 1348 1834 dicto
1360 1796 1521 1833 domino
1543 1795 1704 1833 Urbano
1721 1794 1842 1843 impe-

137 1856 265 1895 travit.

187 1915 307 1953 Obiit
325 1914 339 1937 ²
357 1915 569 1954 Avenione
598 1929 707 1953 anno
737 1915 1126 1962 MCCCLXXXIII,
1147 1915 1210 1953 die
1231 1929 1305 1951 xm
1325 1914 1575 1960 novembris,
1595 1926 1687 1951 cum
1705 1911 1844 1962 plena-

138 1974 240 2012 riam
256 1974 441 2012 omnium
454 1983 721 2025 peccatorum
734 1988 901 2012 suorum
925 1974 1206 2013 remissionem
1229 1981 1277 2012 ,et
1295 1972 1597 2022 indulgentiam
1620 1970 1845 2020 accepisset

139 2034 390 2071 auctoritate
418 2033 639 2072 Clementis
668 2033 764 2080 VII,
793 2041 840 2071 ut
866 2033 1017 2083 legitur
1039 2033 1081 2070 in
1108 2033 1307 2071 relatione
1336 2032 1566 2081 legatorum
1591 2030 1695 2079 regis
1725 2029 1845 2067 Arra—

140 2106 293 2142 gonum
325 2093 368 2130 in
401 2106 524 2130 causa
559 2092 793 2130 schismatis
826 2092 869 2130 in
911 2091 1049 2130 codice
1083 2090 1160 2129 812
1202 2090 1476 2129 bibliothecae
1518 2086 1810 2127 Colbertinae¹³
1838 2102 1846 2124 ε

142 2152 192 2189 Et
211 2152 279 2189 axi
300 2151 446 2194 mateia:
464 2166 533 2201 per
553 2151 774 2189 testimonis
793 2165 832 2188 se
853 2159 993 2188 mostre
1014 2165 1084 2200 qne
1104 2151 1139 2187 lo
1161 2150 1347 2188 cardenal
1362 2149 1407 2187 de
1425 2149 1609 2197 Limoges
1625 2154 1851 2184 ensamort

141 2210 320 2259 consessa
339 2225 449 2261 papa
469 2210 645 2248 Clement
664 2225 767 2247 esser
787 2225 850 2247 ver
869 2224 992 2259 papa,
1014 2218 1048 2247 et
1068 2224 1136 2259 per
1157 2208 1367 2246 auctoritat
1383 2216 1420 2246 et
1439 2222 1486 2245 en
1505 2208 1543 2256 fe
1570 2206 1850 2256 'd’aquellpres

143 2269 357 2308 absolucio.

198 2329 241 2367 P.
275 2328 365 2376 417,
397 2328 464 2378 lig.
496 2328 872 2366 27.BERTRANDUS
901 2342 955 2364 DE
990 2327 1200 2365 COSNAco.
1233 2326 1364 2363 Facile
1384 2326 1426 2363 in
1448 2325 1525 2362 hoc
1550 2324 1645 2361 loco
1677 2330 1852 2373 peccant

144 2387 363 2437 scriptores
388 2387 653 2425 historiarum
681 2387 907 2426 nescientes
934 2386 1152 2424 discrimen
1177 2385 1288 2434 quod
1312 2383 1663 2422 interceditinter
1688 2388 1852 2431 gentem

146 2446 195 2484 de
220 2446 403 2484 Cosnaco
428 2454 470 2484 et
492 2447 601 2485 inter
626 2454 790 2495 gentem
815 2445 864 2484 de
890 2445 1092 2483 Chanaco.
1122 2444 1307 2492 Utraque
1332 2442 1512 2492 pertinet
1536 2441 1588 2478 ad
1619 2440 1852 2478 inferiorem

145 2513 329 2544 tractum
349 2505 586 2555 provinciae
607 2504 923 2543 Lemovicensis.
954 2504 1105 2542 Verum
1126 2516 1172 2540 ea
1193 2516 1271 2552 que
1299 2515 1321 2539 a
1347 2501 1527 2539 Cosnaco
1546 2512 1706 2537 nomen
1725 2497 1853 2535 habet

146 2564 285 2603 sedem
311 2563 459 2601 habuit
488 2563 542 2601 IV
578 2564 630 2602 M.
670 2563 711 2602 P.
740 2577 762 2601 a
788 2563 925 2601 Briva.
954 2563 1013 2599 Ea
1041 2575 1145 2611 quae
1172 2561 1221 2599 de
1247 2560 1437 2598 Chanaco
1471 2558 1701 2604 dicebatur,
1727 2557 1852 2606 paulo

146 2622 357 2670 illustrior,
373 2622 416 2660 in
431 2622 522 2660 vico
538 2622 733 2660 Alassaco
749 2622 939 2671 degebat,
956 2620 1017 2658 uti
1033 2628 1176 2670 postea
1194 2618 1513 2657 dicemus.·Puto
1524 2624 1676 2654 'autem
1688 2623 1851 2664 gentem

147 2681 196 2719 de
225 2681 407 2719 Cosnaco
435 2695 599 2730 prorsus
627 2681 842 2719 interiisse.
875 2680 980 2717 Nam
999 2693 1091 2717 cum
1113 2678 1182 2716 diu
1209 2678 1470 2726 multumque
1503 2674 1735 2724 rogaverim
1762 2674 1851 2712 illos

200 2836 231 2868 1.
261 2835 301 2868 B.
329 2834 386 2874 N„
411 2846 477 2868 ms.
502 2834 597 2867 latin
618 2834 723 2873 1462,
748 2835 810 2868 fol.
836 2835 903 2867 152
928 2838 977 2866 v0.

201 2890 231 2921 2.
257 2887 522 2931 L’inscription
554 2887 618 2931 qui
652 2887 765 2930 figure
789 2899 852 2919 sur
882 2898 950 2919 son
972 2885 1160 2918 mausolei-e
1194 2883 1419 2922 avoisinant‚
1439 2883 1466 2915 a
1490 2881 1601 2915 N.-D.
1633 2881 1695 2913 des
1720 2880 1848 2919 Doms,

152 2941 245 2974 cclui
267 2941 310 2974 de
333 2941 468 2973 Benoit
489 2940 581 2981 XII,
605 2946 711 2983 porte
732 2940 766 2972 la
790 2941 875 2972 date
899 2939 947 2972 du
965 2939 1007 2971 22
1022 2938 1224 2970 novembre
1250 2936 1310 2979 (M.
1332 2935 1532 2974 Duhame'l,
1555 2934 1605 2966 Le
1625 2932 1790 2966 tombeau
1809 2931 1851 2965 de

154 2994 280 3027 Benoil
297 2993 395 3033 XII,
416 2993 526 3032 Caen,
547 2993 651 3032 1888,
672 3005 706 3036 p.
729 2994 816 3035 6-7).
839 2992 887 3025 Le
906 3002 1016 3025 sceau
1035 2991 1078 3023 de
1099 2990 1195 3022 Jean
1214 2990 1257 3022 de
1277 2989 1363 3021 Cros
1383 3000 1405 3021 a
1423 2989 1481 3022 ete
1501 2986 1618 3020 decrit
1636 2997 1704 3030 par
1722 2984 1850 3018 Donet

154 3047 292 3090 ‹l'Arcq
310 3046 518 3089 (Collection
532 3046 572 3079 de
584 3056 725 3086 sceaux,
742 3051 768 3078 t.
783 3044 836 3084 11¹,
853 3057 888 3077 n.
905 3043 1024 3087 6193).
1041 3043 1111 3076 Sur
1125 3043 1155 3075 le
1171 3042 1352 3081 cardinal,v
1364 3040 1442 3074 voir
1458 3039 1580 3073 valois
1595 3039 1686 3082 (12:11,
1704 3049 1738 3082 p.
1753 3036 1849 3080 481).

204 3101 235 3133 3.
266 3100 306 3133 B.
334 3099 390 3139 N.,
415 3110 482 3132 ms.
506 3098 600 3130 latin
624 3098 728 3137 1472,
753 3098 814 3131 fol.
844 3098 908 3130 149
932 3101 982 3130 νο.
