2083 3458
93 249 245 303 [1257]
612 260 829 285 PAPARUM
864 261 1248 286 AVENIONENSIUM
1699 249 1779 291 779

136 345 283 382 Postea
307 343 497 382 Nicolaus
518 344 638 382 rediit
659 345 710 382 ad
732 344 927 393 reginam,
949 345 1010 382 uti
1032 345 1233 395 scriptum
1253 354 1314 384 est
1335 346 1376 383 in
1396 347 1482 396 ejus
1505 347 1775 397 depositione.

83 404 135 441 Et
153 417 245 442 cum
263 403 446 441 Clemens
465 404 544 440 VII
561 404 712 441 electus
731 412 837 441 esset
854 417 960 453 papa
979 405 1174 442 adversus
1196 405 1408 443 Urbanum
1426 414 1626 456 tanquam
1647 407 1775 445 intru-

79 476 170 500 sum
195 462 236 499 in
262 462 361 499 Sede
388 462 628 511 apostolica,
653 462 857 503 Nicolaus,
881 462 1191 512 insuperhabita
1215 472 1382 514 propter
1404 465 1586 504 animam
1606 480 1774 504 consan-

81 521 280 570 guinitate
307 520 475 567 Urbani,
499 520 540 558 in
563 529 698 571 partes
722 521 939 559 Clementis
961 529 1252 570 transgressus,
1276 538 1383 561 anno
1407 524 1773 562 MCCCLXXVIII

80 588 254 618 exeunte
282 579 497 617 cardinalis
518 579 532 602 1
558 580 609 617 ab
636 594 682 618 eo
710 579 842 617 factus
870 588 945 625 est,
974 581 1095 629 vulgo
1123 581 1255 619 dictus
1284 582 1499 620 cardinalis
1528 584 1774 622 Cusentinus

80 653 152 689 pro
168 652 278 676 more
295 638 398 675 illius
415 638 556 685 seculi,
574 647 614 676 et
630 653 738 676 anno
753 638 940 688 sequenti
956 639 1088 677 factus
1105 648 1166 677 est
1187 640 1404 679 canonicus
1422 642 1703 689 Lugdunensis
1721 643 1770 680 ad

79 712 216 747 preces
239 697 423 746 ejusdem
447 697 679 744 Clementis,
704 697 773 747 qui
795 712 835 735 se
858 698 1049 747 praebuit
1074 698 1356 747 fidejussorem
1389 700 1533 738 nobilis
1566 701 1773 750 progeniei

79 756 256 807 praefati
279 756 435 794 Nicolai
454 756 506 794 ad
527 765 722 806 quartum
742 771 870 806 usque
892 757 1078 805 gradum,
1100 766 1146 794 ut
1167 758 1225 795 ait
1246 758 1354 795 idem
1376 759 1596 798 Severtius.
1622 761 1772 798 Factus

78 829 171 865 ergo
194 815 408 853 cardinalis
431 830 471 853 se
493 815 669 853 contulit
690 815 963 861 Avenionem3
984 816 1054 852 ubi
1075 816 1219 866 perdiu
1240 817 1406 864 mansit,
1428 818 1621 857 nimirum
1642 834 1771 869 usque

78 874 130 911 ad
153 888 200 912 ea
224 882 411 924 tempora
437 874 584 923 quibus
609 874 834 924 pertinacia
858 874 1071 912 Benedicti
1098 875 1205 912 XIII
1232 890 1428 915 arcanum
1453 878 1657 927 aperuisse
1682 878 1770 916 visa

79 941 140 972 est
159 947 240 983 quo
259 947 342 983 pax
356 933 443 970 dari
461 941 599 982 posset
620 933 835 971 Ecclesiae.
861 933 1028 971 Interim
1049 933 1167 971 video
1188 934 1302 973 illum
1320 935 1500 974 maxima
1521 936 1770 975 auctoritate

78 1000 119 1030 et
146 991 276 1041 gratia
303 991 478 1041 viguisse
506 992 547 1029 in
572 991 633 1030 his
661 992 904 1041 regionibus.
940 993 985 1029 In
1007 993 1151 1029 Diario
1189 994 1242 1043 [p.
1274 994 1371 1044 103]
1409 994 1560 1044 quippe
1598 996 1769 1034 joannis

80 1050 201 1088 Fabri
227 1050 407 1101 episcopi
435 1051 694 1089 Carnotensis
724 1051 922 1101 scriptum
951 1059 1012 1089 est
1040 1051 1154 1090 illum
1183 1066 1290 1090 anno
1321 1053 1675 1101 MCCCLXXXV,
1706 1055 1769 1093 die

73 1109 229 1148 veneris
254 1125 327 1146 XXI
350 1109 502 1159 aprilis,
525 1124 617 1147 cum
639 1110 767 1159 pridie
792 1110 917 1147 Maria
940 1110 1076 1159 regina
1101 1110 1257 1149 Siciliae
1280 1112 1506 1161 appulisset
1528 1113 1578 1150 ad
1604 1113 1768 1151 Villam-

73 1183 225 1207 novam
258 1177 399 1206 contra
433 1168 702 1216 Avenionem,
735 1169 787 1206 ad
820 1183 909 1207 eam
942 1169 1206 1209 salutandam
1237 1170 1466 1218 accessisse,
1499 1172 1610 1221 apud
1643 1186 1767 1222 quam

72 1243 166 1266 eum
190 1236 354 1266 constat
377 1227 498 1265 fuisse
522 1228 562 1265 in
585 1228 765 1267 maxima
790 1227 934 1277 gratia.

129 1287 200 1324 Die
224 1286 318 1325 dein
340 1286 485 1336 quinta
508 1286 716 1336 sequentis
739 1286 888 1326 mensis
912 1287 1009 1326 maii
1032 1287 1215 1325 Clemens
1239 1302 1347 1338 papa
1371 1288 1537 1329 missam
1559 1290 1766 1328 solennem

73 1361 145 1396 pro
174 1345 311 1384 anima
342 1347 527 1384 Joannae
556 1346 717 1395 reginae
749 1345 907 1384 Siciliae
938 1346 1131 1384 celebrari
1162 1346 1257 1385 fecit
1286 1342 1397 1397 apud
1428 1348 1698 1396 Avenionem,
1727 1349 1766 1386 in

71 1405 170 1444 aede
190 1405 380 1443 nimirum
402 1405 640 1443 cathedrali.
664 1406 766 1443 Eam
785 1405 1009 1443 celebravit
1025 1405 1241 1443 cardinalis
1258 1406 1518 1453 Cusentinus,
1535 1407 1605 1457 qui
1624 1408 1765 1446 eodem

72 1473 255 1514 tempore
271 1464 479 1502 solennem
496 1463 724 1502 orationem
739 1464 886 1501 habuit
903 1464 950 1501 de
966 1464 1156 1502 laudibus
1174 1465 1275 1514 ejus.
1291 1465 1444 1503 Aderat
1463 1466 1694 1505 Ludovicus
1713 1467 1767 1514 II,

74 1538 143 1561 rex
165 1523 339 1570 Siciliae,
361 1537 483 1572 quem
504 1532 647 1573 postea
669 1523 720 1560 ad
742 1523 860 1561 aedes
882 1523 968 1572 ejus
990 1523 1185 1561 reduxere
1208 1524 1316 1562 idem
1338 1524 1554 1563 cardinalis
1576 1533 1617 1563 et
1638 1525 1765 1564 cardi-

75 1582 177 1620 nalis
200 1582 516 1620 Ebredunensis.
542 1582 732 1620 Referam
752 1590 893 1621 autem
914 1582 1001 1632 ipsa
1023 1583 1147 1620 verba
1169 1598 1218 1620 ex
1239 1583 1382 1622 eodem
1399 1584 1543 1621 Diario
1558 1584 1612 1634 [p.
1636 1585 1735 1634 105]
1759 1601 1766 1622 :

75 1642 128 1678 Le
146 1641 386 1691 cinquiesme
403 1641 493 1690 jour
513 1642 545 1679 le
563 1655 667 1691 pape
687 1642 751 1691 fist
768 1641 851 1679 (lire
871 1656 946 1678 une
968 1656 1086 1678 messe
1107 1642 1150 1679 de
1169 1642 1340 1691 requiem
1357 1643 1592 1692 solempnele
1611 1658 1712 1693 pour
1730 1645 1768 1681 la

75 1715 222 1750 roynne
238 1701 283 1738 sle
300 1701 420 1738 Sicile
439 1701 617 1738 Jelmnne
635 1701 754 1737 occise
770 1716 844 1750 par
860 1700 1001 1738 Charle
1018 1701 1061 1738 (le
1074 1702 1221 1739 Duras.
1238 1702 1294 1738 La
1312 1716 1431 1738 messe
1447 1703 1524 1739 (list
1540 1703 1572 1739 le
1588 1702 1769 1740 cardinal

77 1760 120 1797 de
139 1759 324 1807 Cusence,
345 1768 378 1797 et
396 1760 557 1809 presclm
578 1760 699 1797 moult
715 1760 1068 1809 solempnelement.
1090 1760 1142 1797 Le
1161 1760 1218 1797 roi
1236 1760 1281 1809 ju
1301 1764 1322 1797 ἁ
1343 1762 1381 1798 la
1401 1775 1533 1799 messe.
1554 1762 1604 1798 Et
1622 1762 1716 1811 puis
1736 1762 1769 1799 le

77 1819 319 1856 convoierent
339 1819 390 1856 les
412 1819 632 1856 cardinalias
653 1820 696 1856 de
718 1819 890 1856 Cusence
911 1827 944 1856 et
965 1819 1200 1857 d'Embrim.
1224 1820 1301 1857 Sed
1324 1819 1473 1859 mirum
1494 1828 1556 1858 est
1576 1829 1668 1860 tum
1689 1820 1767 1870 pri-

77 1892 189 1917 mum
214 1877 256 1915 in
282 1877 341 1915 his
368 1877 598 1927 regionibus
626 1877 817 1917 auditum
843 1878 1036 1917 nuntium
1063 1879 1110 1916 de
1138 1887 1268 1916 morte
1295 1878 1411 1916 istius
1439 1879 1615 1928 reginae,
1644 1894 1768 1927 quam

78 1945 242 1975 constat
258 1951 365 1975 anno
382 1937 528 1975 saltem
546 1936 760 1976 millesimo
778 1937 1083 1975 CCCLXXXII
1103 1937 1279 1975 occisam
1295 1937 1416 1975 fuisse
1433 1938 1496 1975 die
1512 1953 1600 1976 xxn
1618 1939 1767 1977 mensis

78 1996 188 2036 maii.
213 1997 266 2034 Et
287 2004 427 2034 tamen
448 1996 626 2046 primum
647 1996 838 2034 auditum
859 1996 952 2034 hinc
973 1996 1103 2045 liquet
1125 1997 1234 2045 quod
1255 1997 1378 2046 paulo
1400 2006 1494 2047 post
1516 1998 1639 2035 verba
1663 2012 1768 2047 quae

79 2069 176 2094 mox
211 2055 495 2105 descripsimus
531 2070 581 2093 ex
612 2055 755 2093 Dim-io
801 2055 854 2105 [p.
894 2055 992 2105 106]
1028 2055 1207 2106 episcopi
1243 2056 1502 2094 Carnotensis
1547 2056 1732 2106 sequitur
1758 2072 1766 2095 :

84 2114 180 2151 Item
201 2114 262 2164 fut
285 2115 450 2152 deliber&
472 2129 542 2164 que
566 2128 614 2151 on
638 2115 770 2151 envoie
792 2118 816 2152 ιὶ
840 2115 1045 2151 illarseille
1069 2129 1264 2164 messages
1284 2116 1510 2165 solempnem
1533 2131 1557 2153 α
1579 2116 1769 2165 segnefier

76 2174 113 2211 la
131 2181 227 2211 mort
242 2174 285 2211 de
300 2174 338 2211 la
353 2187 500 2223 roynne
515 2182 548 2210 et
563 2174 661 2223 qu’il
673 2189 698 2223 y
712 2173 770 2211 ait
782 2174 948 2212 sermon.

130 2233 248 2270 Anno
288 2233 666 2279 MCCCLXXXVI,
705 2232 767 2271 die
805 2232 947 2270 martis
986 2247 1119 2270 xxvnl
1157 2233 1335 2282 augusti,
1374 2241 1511 2270 ortum
1548 2241 1609 2272 est
1647 2247 1769 2283 grave

75 2291 255 2341 jurgium
275 2291 381 2330 inter
400 2292 590 2332 eumdem
610 2291 847 2342 episcopum
868 2292 1159 2330 Carnotensem
1179 2300 1220 2330 et
1235 2292 1485 2332 cardinalem
1503 2292 1770 2330 Cusentinum

78 2350 287 2389 occasione
309 2359 526 2401 pactorum
548 2364 651 2399 quae
673 2351 964 2389 tractabantur
984 2350 1091 2388 inter
1111 2350 1293 2400 reginam
1316 2350 1488 2391 Mariam
1509 2360 1550 2389 et
1573 2352 1771 2390 Ottonem

77 2409 431 2448 Brunsvicensem.
451 2410 555 2447 Nam
572 2424 665 2449 cum
680 2410 803 2447 ambo
819 2418 953 2448 essent
969 2410 1079 2459 apud
1095 2409 1350 2448 Avenionem
1364 2410 1404 2447 in
1420 2410 1608 2448 cubiculo
1623 2424 1772 2460 papae,

78 2476 118 2507 et
141 2469 387 2507 Cusentinus
411 2469 463 2506 ab
487 2469 676 2519 episcopo
701 2468 941 2518 quaesiisset
964 2468 1004 2506 in
1029 2483 1110 2518 quo
1132 2477 1247 2507 statu
1270 2477 1376 2507 esset
1404 2469 1514 2507 istud
1544 2469 1770 2518 negotium,

78 2527 291 2578 episcopus
310 2542 405 2566 vero
424 2527 701 2578 respondisset
719 2543 759 2566 se
777 2527 928 2566 nescire
947 2536 988 2566 et
1012 2542 1082 2577 per
1106 2527 1288 2577 reginam
1306 2542 1387 2566 non
1409 2536 1516 2566 stare
1536 2542 1616 2577 quo
1636 2528 1770 2567 minus

78 2587 248 2625 haberet
277 2587 432 2627 bonum
460 2601 706 2634 successum,
735 2586 903 2636 negavit
932 2586 1148 2624 cardinalis
1178 2586 1218 2624 id
1248 2586 1306 2624 ita
1335 2601 1435 2634 esse,
1464 2587 1671 2625 affirmans
1699 2602 1772 2637 per

78 2645 258 2695 reginam
283 2654 324 2684 et
347 2660 439 2684 suos
464 2654 586 2693 stare,
611 2646 707 2695 quia
732 2646 928 2684 nolebant
952 2660 991 2683 se
1018 2645 1195 2695 obligare
1220 2659 1314 2695 erga
1340 2646 1551 2686 Ottonem.
1577 2646 1638 2683 Ad
1666 2659 1772 2695 quae

80 2705 291 2755 episcopus
315 2704 498 2755 reposuit
521 2705 623 2743 falso
646 2704 687 2742 id
711 2704 787 2743 sibi
810 2704 980 2754 imponi,
1004 2719 1044 2742 se
1067 2704 1176 2743 enim
1200 2705 1240 2742 id
1263 2704 1365 2743 velle
1400 2705 1627 2743 secundum
1649 2713 1773 2755 pacta

78 2773 297 2812 conventa,
321 2764 391 2802 sed
417 2764 613 2802 Ottonem
636 2778 683 2801 ea
706 2764 808 2802 velle
833 2763 1074 2810 convellere,
1098 2763 1221 2813 idque
1244 2778 1328 2802 esse
1351 2763 1520 2813 puerile.
1547 2764 1659 2812 Quae
1682 2778 1774 2814 pos-

128 2914 160 2946 1.
193 2913 222 2946 Il
237 2919 343 2955 recut
358 2913 390 2946 le
406 2914 577 2956 ehapeau
593 2912 817 2945 cardinalice
834 2918 953 2945 avant
967 2912 998 2944 le
1017 2912 1061 2944 24
1076 2912 1213 2945 sevrier
1228 2912 1322 2945 1379
1338 2918 1376 2945 et
1390 2912 1422 2945 le
1439 2912 1527 2945 titre
1544 2912 1588 2944 de
1608 2911 1643 2945 S.
1661 2912 1710 2946 M.
1728 2923 1777 2945 au

80 2966 328 3000 Transtevere
357 2966 561 3009 (Ro'mische
584 2965 876 3010 Quartalschrift,
903 2971 929 2998 t.
956 2977 1025 3017 mx
1054 2965 1189 3008 (1906),
1216 2977 1250 3008 p.
1277 2965 1376 3008 170).
1396 2965 1425 2997 Il
1442 2965 1601 3008 supplea
1619 2977 1666 2998 en
1682 2965 1778 2998 1378

83 3018 204 3052 Pierre
233 3020 277 3052 de
304 3019 502 3052 Monteruc
530 3019 623 3052 dans
649 3030 706 3052 ses
734 3018 922 3051 fonctions
951 3014 999 3051 de>
1023 3018 1335 3051 vice-chancelier
1358 3018 1411 3061 (P.
1433 3018 1481 3051 Μ.
1506 3018 1779 3062 Baumgarten‚

86 3072 167 3105 Von
181 3073 241 3105 der
253 3073 519 3116 apostolischen
533 3072 700 3111 Kanzlei,
717 3083 752 3115 p.
766 3072 873 3105 1234
882 3071 953 3115 24).
969 3090 1017 3094 —
1027 3071 1099 3105 Sur
1111 3071 1260 3104 Nicolas
1272 3071 1487 3111 Brancacci,
1502 3070 1584 3104 voir
1597 3071 1641 3105 N.
1654 3071 1782 3105 Valois

87 3124 126 3168 (t.
146 3137 184 3166 11,
206 3137 241 3169 p.
264 3126 333 3158 475
353 3131 391 3158 et
411 3131 437 3159 t.
459 3137 509 3165 ιν,
531 3137 566 3169 p.
590 3125 671 3168 559)
695 3131 732 3158 et
755 3125 792 3157 F.
818 3124 928 3157 Ehrle
953 3124 1113 3167 (Martin
1132 3125 1174 3157 de
1192 3124 1387 3168 Alpartils,
1420 3130 1447 3158 t.
1468 3136 1492 3164 1,
1522 3136 1558 3168 p.
1591 3123 1781 3168 357-375).
