2083 3458
73 254 197 310 [925]
597 273 813 299 PAPARUM
848 273 1230 300 AVENIONENSIUM
1673 258 1752 300 441

61 364 219 393 certum
241 365 303 394 est
324 365 506 394 erratum
529 372 613 395 esse
635 358 673 394 in
697 357 799 395 libro
822 358 1133 407 Obligationum,
1155 359 1225 396 ubi
1247 358 1494 396 adnotatum
1517 367 1578 397 est
1601 358 1750 395 Audoi—

60 428 159 452 num
190 416 312 453 fuisse
343 416 519 454 electum
550 416 947 455 Autissiodorensem
977 432 1047 467 per
1077 417 1237 455 obitum
1268 417 1390 456 Petri.

112 474 231 512 Anno
259 474 499 512 MCCCLIIl
527 474 590 512 die
618 489 674 511 xv
701 475 908 521 februarii,
933 476 1193 514 Innocentius
1220 476 1291 523 Vl,
1314 476 1400 525 ejus
1423 484 1608 526 patruus,
1636 476 1750 514 illum

61 532 156 570 fecit
176 533 465 583 presbyterum
487 533 735 571 cardinalem
757 534 867 571 tituli
890 534 1134 573 Sanctorum
1157 535 1327 573 ,Ioannis
1349 543 1390 573 et
1412 535 1540 582 Pauli,
1559 535 1669 585 quod
1690 543 1752 572 est

59 591 343 629 certissimum.
383 592 504 629 Error
537 591 677 641 itaque
713 592 914 631 admissus
950 602 1011 631 est
1053 594 1093 631 in
1127 594 1269 632 iisdem
1313 594 1438 631 Gestis
1476 594 1751 643 episcoporum

57 649 482 698 Autissiodorensium,
512 665 615 700 quae
643 651 817 688 tradunt
844 652 959 689 illum
986 652 1027 689 in
1054 653 1129 690 hoc
1157 653 1284 702 gradu
1312 652 1475 690 honoris
1504 654 1749 690 collocatum

56 722 140 746 esse
177 709 218 746 in
256 709 361 747 festo
398 710 698 759 purificationis
736 710 881 748 beatae
920 711 1083 749 Mariae.
1124 711 1301 749 Pessime
1339 711 1676 749 Sammarthani1
1708 712 1748 748 in

57 766 247 816 Catalogo
282 768 557 818 episcoporum
593 769 1017 816 Autissiodorensium,
1047 770 1158 807 istud
1196 770 1352 808 factum
1400 785 1483 808 csse
1527 771 1751 808 scribentes

57 840 128 863 Χιν
153 827 231 864 kal.
255 827 372 876 junii.

110 885 259 924 Factus
295 886 524 933 cardinalis,
560 887 682 935 vulgo
716 894 888 924 vocatus
932 895 993 924 est
1034 887 1248 925 cardinalis
1285 888 1594 937 Magalonensis.
1633 888 1749 935 Quod

54 958 100 982 ea
126 945 283 982 ratione
306 945 464 983 factum
492 953 566 983 est.
595 945 791 983 Solebant
823 953 913 982 tum
959 946 1182 984 cardinales
1227 947 1499 996 utplurimum
1532 947 1668 984 vocari
1701 961 1751 984 ex

55 1003 218 1041 nomine
247 1004 521 1042 Ecclesiarum
555 1004 701 1053 quibus
735 1013 856 1041 antea
890 1005 1168 1054 praefuerant,
1201 1019 1247 1043 ac
1284 1014 1499 1055 propterca
1533 1005 1748 1055 pontifices

55 1062 156 1100 caris
184 1062 280 1110 suis,
309 1077 409 1112 quos
437 1063 489 1100 ad
518 1063 796 1101 cardinalatus
816 1063 1027 1112 fastigium
1049 1064 1218 1102 evehere
1239 1063 1518 1111 destinabant,
1541 1064 1749 1114 episcopa-

54 1128 143 1158 tum
172 1122 409 1171 quempiam
437 1123 560 1172 paulo
588 1130 684 1159 ante
713 1122 950 1167 tradebant,
978 1130 1025 1159 ut
1054 1123 1147 1160 hinc
1175 1137 1324 1161 nomen
1352 1123 1533 1172 accipere
1561 1131 1749 1173 possent;

54 1180 163 1228 quod
182 1181 322 1218 multis
340 1181 536 1230 exemplis
555 1196 605 1219 ex
621 1181 687 1218 illa
707 1189 844 1219 aetate
862 1181 1027 1231 probari
1043 1189 1194 1231 posset.
1219 1182 1363 1231 Itaque
1382 1182 1594 1220 Audoinus
1613 1182 1748 1220 vocari

51 1246 217 1288 poterat
253 1239 469 1278 cardinalis
507 1240 886 1278 Autissiodorensis,
927 1240 1003 1278 Sed
1042 1240 1136 1289 quia
1173 1248 1263 1277 tum
1301 1240 1381 1278 duo
1418 1249 1535 1278 erant
1570 1241 1609 1278 in
1635 1254 1750 1279 sacro

54 1298 220 1347 collegio
242 1299 311 1347 qui
331 1307 454 1336 antea
475 1299 639 1337 fuerant.
658 1299 837 1349 episcopi
855 1299 961 1337 illius
981 1299 1198 1346 Ecclesiae,
1224 1300 1485 1337 Innocentius
1506 1314 1599 1337 eum
1618 1308 1749 1338 trans-

53 1357 150 1395 tulit
183 1357 235 1394 ad
271 1358 614 1407 Magalonensem,
650 1366 696 1395 ut
730 1373 779 1395 ex
814 1372 860 1396 ea
895 1358 1246 1408 nuncupationem
1280 1367 1418 1408 posset
1452 1359 1647 1408 accipere,
1689 1358 1750 1396 uti

54 1416 210 1454 factum
228 1424 302 1455 est.
326 1416 441 1454 Gesta
460 1417 735 1467 episcoporum
750 1416 1163 1454 Autissiodorensium
1181 1416 1195 1439 2
1216 1417 1256 1455 in
1280 1417 1469 1455 Audoino
1488 1434 1494 1455 :
1516 1418 1752 1455 Translatus

51 1474 130 1523 suit
145 1476 198 1513 ad
213 1475 506 1513 cardinalatum
522 1490 591 1525 per
606 1476 711 1513 hunc
728 1477 898 1514 modum.
917 1475 1024 1525 Ouia
1042 1476 1108 1513 illo
1125 1484 1294 1526 tempore
1310 1485 1420 1514 erant
1436 1477 1512 1513 (luo
1529 1476 1750 1514 cardinales

51 1534 125 1570 sub
156 1534 427 1572 nominatione
451 1535 806 1583 Autissiodorensi,
835 1535 1009 1573 videlicet
1049 1535 1328 1584 Talayrandus
1356 1535 1692 1584 Petragoricensis
1718 1543 1751 1573 et

52 1593 194 1630 Petrus
220 1594 263 1631 de
289 1593 422 1641 Crosa,
449 1594 666 1632 translatus
691 1594 816 1632 extitit
840 1595 892 1632 ad
915 1595 1043 1631 sedem
1070 1595 1398 1643 Magalonensem
1424 1609 1530 1632 anno
1556 1594 1749 1644 quinqua-

53 1651 199 1700 gesimo
223 1652 332 1690 tertio
357 1667 460 1690 more
484 1653 616 1690 curiae
640 1653 843 1691 Romanae
866 1653 908 1690 in
930 1653 1133 1691 nativitate
1149 1653 1330 1700 Domini,
1352 1668 1454 1690 more
1477 1662 1607 1691 autem
1628 1652 1749 1691 Galli-

52 1725 148 1748 cano
180 1726 286 1748 anno
318 1712 644 1762 quinquagesimo
676 1713 858 1756 secundo,
893 1712 935 1749 in
966 1712 1062 1761 sesto
1093 1712 1392 1762 purificationis
1428 1712 1557 1750 beatae
1591 1712 1751 1750 Mariae

50 1770 224 1819 sequenti
250 1770 379 1819 factus
405 1771 635 1809 cardinalis.
665 1772 716 1809 Et
741 1771 798 1808 sic
826 1771 1054 1809 nominatus
1080 1771 1158 1820 suit
1185 1771 1402 1809 cardinalis
1430 1771 1747 1820 Magalonensis.

53 1828 107 1866 Et
128 1837 268 1868 tamen
291 1830 504 1868 Audoinus
527 1831 683 1868 nullam
705 1831 966 1881 episcopatus
990 1830 1288 1879 Magalonensis
1311 1830 1564 1869 mentionem
1587 1830 1688 1868 facit
1708 1830 1748 1868 in

50 1902 123 1926 suo
151 1896 416 1927 testamento.
452 1889 596 1938 Itaque
626 1889 810 1927 nonnulli
839 1897 1042 1939 putarunt
1071 1890 1172 1927 falso
1200 1889 1316 1927 illum
1345 1890 1481 1927 vocari
1512 1890 1748 1939 episcopum

51 1946 424 1996 Magalonensem.
396 1947 412 1970 3

104 2006 254 2054 Surita,
270 2007 339 2046 lib.
366 2007 429 2044 ΙΙΙ
453 2007 596 2053 Indic„
617 2007 668 2044 ad
689 2021 844 2044 annum
866 2007 1037 2046 MCCCI
1043 2008 1121 2045 VI:
1144 2007 1330 2056 Pontifeas
1348 2007 1482 2057 aliqua
1505 2007 1547 2044 in
1567 2022 1605 2044 re
1630 2007 1749 2056 grati-

51 2065 164 2114 ficari
192 2065 274 2114 regi
301 2066 466 2116 cupiens
493 2081 697 2104 canonicis
722 2066 997 2104 sanctionibus
1024 2066 1302 2104 Constantiam
1338 2081 1441 2115 regis
1473 2066 1614 2115 filiam,
1652 2080 1752 2115 quae

51 2123 256 2162 Frederico
297 2125 460 2163 Siciliae
500 2125 582 2174 regi
623 2125 968 2174 consanguinitate
1007 2126 1231 2175 propinquo
1273 2134 1447 2175 nuptura
1488 2133 1580 2171 erat,
1621 2124 1748 2172 solvit,

51 2183 408 2234 contentionemque
433 2198 586 2221 omnem
612 2199 709 2234 quae
735 2184 868 2222 Siculo
894 2185 976 2233 regi
1002 2199 1090 2222 cum
1111 2184 1289 2222 Ecclesia
1310 2184 1470 2222 vertitur
1488 2183 1745 2230 Bononiensi,

50 2242 322 2290 Praenestino,
353 2251 387 2281 et
418 2243 702 2292 Magalonensi
733 2243 1007 2281 cardinalibus
1037 2243 1253 2282 committit.

103 2300 222 2339 Anno
242 2301 481 2340 MCCCLIX
499 2302 606 2340 idem
631 2303 894 2341 Innocentius
914 2303 1007 2341 huic
1027 2303 1223 2340 cardinali
1244 2302 1522 2351 Magalonensi
1542 2310 1582 2339 et
1602 2302 1747 2350 Talay-

49 2359 177 2398 rando
196 2374 242 2399 ac
262 2361 512 2410 Raymundo
531 2361 579 2399 de
599 2361 818 2399 Canilhaco
837 2361 1041 2400 commisit
1059 2375 1231 2399 examen
1251 2360 1623 2399 controversiarum
1643 2374 1746 2409 quae

48 2427 167 2457 erant
190 2419 297 2458 inter
322 2420 565 2470 magistrum
592 2420 743 2458 ordinis
770 2420 909 2459 Sandti
937 2421 1108 2458 Joannis
1138 2419 1501 2468 Hierosolymitani
1527 2427 1567 2456 ct
1603 2418 1746 2456 castel-

47 2478 189 2516 lanum
210 2479 451 2529 Empostae3
471 2479 630 2526 Bosius,
650 2493 735 2529 par
761 2480 799 2516 ΙΙ
819 2479 925 2518 Hist.
950 2479 1060 2517 illius
1078 2479 1244 2525 ordinis,
1264 2479 1333 2516 lib.
1358 2479 1433 2515 ΙΙΙ.

102 2536 282 2575 Joannes
310 2537 510 2584 Columbi,
528 2538 598 2576 lib.
622 2511 684 2576 ΙΙΙ
705 2538 885 2587 Degestis
908 2538 1182 2588 episcoporum
1206 2537 1518 2588 Valentinorum‚
1538 2550 1648 2573 num.
1669 2535 1745 2573 58:

48 2595 216 2633 Addidit
238 2597 424 2634 daturum
445 2597 628 2646 episcopo
651 2597 865 2635 Aimarum
888 2597 1175 2634 Pictaviensem
1199 2596 1354 2645 aliquid
1374 2610 1499 2644 supra
1522 2595 1597 2632 duo
1620 2603 1748 2632 castra

48 2668 118 2704 pro
144 2655 338 2692 sententia
364 2655 632 2693 cardinalium
659 2656 995 2705 Petragoricensis
1022 2664 1055 2693 et
1083 2654 1324 2703 Urgellensis
1348 2654 1405 2691 vel
1427 2652 1743 2702 ilffagalonenszs

102 2713 251 2752 Factus
280 2722 344 2752 est
372 2714 585 2764 episcopus
616 2715 814 2753 Ostiensis
844 2729 952 2752 anno
972 2714 1195 2751 ·1nillesimo
1226 2713 1434 2760 CCCLXI,
1466 2726 1602 2750 mense
1630 2712 1743 2760 julio.

101 2772 337 2822 Onuphrius
355 2773 397 2810 in
416 2773 547 2825 prima
567 2773 746 2823 epitome
764 2773 940 2811 adnotat
958 2773 1073 2810 illum
1093 2772 1314 2810 celebrasse
1334 2771 1500 2809 missam
1520 2770 1568 2808 de
1589 2770 1742 2820 Spiritu

48 2830 198 2869 Sancto
219 2846 311 2869 cum
332 2831 556 2870 cardinales
575 2832 800 2870 intrassent
821 2833 1014 2870 conclave
1034 2839 1128 2881 post
1148 2831 1307 2868 obitum
1332 2829 1561 2868 Innocentii
1587 2829 1656 2867 VI.

93 2973 125 3007 1.
156 2973 326 3006 L'erreur
347 2985 368 3006 a
392 2973 544 3016 disparu
567 2974 611 3006 de
632 2974 803 3007 l'edition
827 2974 870 3005 de
894 2974 998 3011 1770,
1025 2979 1049 3006 t.
1076 2985 1139 3011 ΧΠ,
1165 2974 1231 3005 col.
1256 2972 1336 3005 319.

94 3027 125 3060 2.
155 3026 294 3066 Labbe,
324 3027 397 3059 loco
423 3027 539 3060 citato.

92 3081 124 3113 3.
157 3080 186 3112 Il
203 3079 262 3112 fut
279 3081 429 3112 nomme
447 3080 588 3123 (aveque
608 3080 651 3112 de
667 3079 913 3122 Maguelonne
932 3079 962 3111 le
981 3079 1026 3111 30
1043 3078 1189 3122 janvier
1215 3079 1307 3111 1353
1342 3076 1485 3118 (Eubel,
1514 3076 1746 3116 Hierarchffl,

45 3138 71 3166 t.
98 3144 122 3171 1,
151 3144 185 3176 p.
214 3132 312 3176 320).
