2083 3458
267 218 354 259 830
925 208 1077 258 NoTAE
1113 232 1173 257 AD
1208 232 1336 257 VITAs
1832 216 1984 272 [1315]

272 317 442 355 siensem
464 317 687 355 revestitam
708 316 964 367 solempniter
986 316 1028 354 in
1060 316 1153 354 navi
1174 316 1347 355 Ecclesie
1368 316 1631 354 Parisiensis.
1656 317 1707 354 Et
1727 331 1798 367 pro
1826 317 1989 355 themate

270 391 338 414 sen
361 377 592 426 preambnlo
613 376 788 427 sumpsit
817 377 920 414 lianc
949 376 1264 426 propositionem
1283 391 1295 414 .·
1314 376 1535 414 Deleantar
1565 376 1608 413 de
1630 376 1732 414 libro
1755 376 1986 424 viventium,

273 444 306 473 et
328 451 415 473 cnm
436 437 555 486 justis
579 451 657 473 non
678 436 918 473 scribantur.

328 496 445 533 Anno
484 494 860 534 MCCCLXXXIII
897 495 1031 534 faetus
1069 495 1288 534 cardinalis
1325 509 1346 533 a
1385 495 1594 535 Clemente
1632 495 1712 533 VII
1755 495 1889 534 dictus
1926 503 1990 534 est

274 556 397 605 vulgo
425 555 642 593 cardinalis
670 554 924 602 parisiensis,
951 563 998 593 ut
1023 563 1143 605 patet
1167 569 1219 593 ex
1244 555 1415 605 Aegidio
1440 555 1670 593 Bellamera
1692 555 1733 592 in
1759 569 1848 605 cap.
1875 555 1929 592 At
1953 554 1989 592 si

275 615 419 661 clerici,
439 615 498 652 De
518 615 700 664 judiciis,
723 614 765 652 in
787 628 876 665 cap.
901 614 1005 652 Cam
1022 614 1239 664 contingat,
1257 615 1316 652 De
1332 615 1417 664 foro
1439 614 1685 664 competenti,
1708 614 1750 652 in
1773 629 1862 665 cap.
1886 614 1990 652 Cam

276 674 453 721 venisset,
475 675 534 712 De
559 674 684 713 testib.
709 683 744 712 et
766 674 1101 722 attestationibus,
1126 682 1167 712 et
1190 674 1233 712 in
1257 688 1346 724 cap.
1373 674 1477 712 Cam
1500 674 1752 722 venerabilis,
1773 674 1833 711 De
1856 688 1990 724 excep-

276 734 464 771 tionibus.
497 734 603 772 Hinc
630 748 750 784 porro
779 733 984 784 colligitur
1011 734 1121 772 hunc
1149 734 1415 783 Aymericum
1441 733 1614 772 edidisse
1643 733 1990 772 commentarium

276 793 317 830 in
345 793 496 831 librum
526 802 691 832 sextum
718 793 999 832 Decretaliam'„

334 853 390 890 De
413 861 668 891 testamento
691 853 780 903 ejus
804 852 898 891 vide
924 854 1130 891 Joannem
1155 852 1274 900 Galli,
1300 861 1461 903 quaest.
1487 868 1569 891 XCI.

332 913 394 950 Ex
416 912 561 951 eadem
585 921 704 962 gente
730 912 809 951 fuit
835 912 955 963 Hugo
980 913 1028 951 de
1054 911 1271 960 Manhaco,
1296 912 1510 963 episcopus
1537 912 1678 951 Sancti
1704 912 1822 951 Flori.

332 973 373 1010 P.
402 972 490 1019 490,
517 973 582 1022 lig.
612 973 672 1010 14.
701 973 935 1010 JOHANNES
965 987 1019 1010 DE
1049 973 1352 1011 NOVOCASTRO.
1382 972 1526 1011 Nescio
1552 972 1623 1010 ubi
1648 972 1794 1010 fratres
1827 971 1990 1010 Praedi-

274 1040 434 1070 catores
452 1032 702 1070 invenerunt
719 1032 835 1072 illum
853 1032 976 1070 fuisse
996 1031 1148 1070 ordinis
1168 1031 1230 1070 sui
1247 1040 1287 1070 et
1306 1032 1442 1082 patria
1462 1032 1802 1082 Arragonensem.
1822 1031 1989 1069 Nullum

278 1093 386 1130 enim
407 1091 524 1129 istius
541 1091 597 1130 rei
619 1091 841 1142 Vestigium
862 1092 1012 1130 habere
1029 1091 1148 1142 potui
1168 1091 1209 1129 in
1229 1100 1321 1130 tota
1343 1091 1612 1141 antiquitate.
1630 1091 1734 1130 Sane
1751 1091 1989 1142 Onuphrius

277 1151 318 1188 in
349 1151 530 1189 Secunda
559 1152 726 1201 epitome
753 1151 794 1189 id
822 1152 969 1199 tradit,
999 1166 1045 1190 ac
1073 1160 1288 1202 praeterea
1320 1151 1555 1201 Hispanum
1584 1151 1721 1189 fuisse.
1753 1151 1905 1189 Verum
1943 1164 1989 1188 ea

274 1211 504 1249 auctoritas
542 1211 731 1261 quamvis
769 1211 908 1261 magni
944 1211 1035 1258 viri,
1069 1210 1180 1250 tanti
1223 1225 1306 1248 non
1349 1219 1410 1249 est
1454 1219 1501 1249 ut
1545 1210 1819 1261 praescribere
1851 1210 1992 1249 valeat

275 1270 474 1309 adversus
518 1270 754 1310 veritatem.
791 1271 885 1309 Fuit
916 1271 1097 1321 primum
1140 1270 1274 1309 factus
1316 1270 1530 1321 episcopus
1577 1269 1839 1309 Nivernensis
1882 1284 1991 1307 anno

282 1330 576 1377 MCCCLVIH,
602 1339 649 1368 ut
675 1331 798 1380 vulgo
824 1330 1020 1369 traditur.
1048 1331 1103 1368 At
1128 1330 1161 1368 si
1186 1339 1376 1370 veterum
1401 1330 1558 1369 archivi
1587 1329 1764 1370 Romani
1789 1329 1991 1368 librorum

285 1389 408 1428 fidem
451 1390 646 1440 appelles,
692 1405 774 1428 non
807 1390 973 1429 videtur
1008 1398 1176 1429 ornatus
1214 1389 1336 1428 fuisse
1377 1404 1422 1428 ea
1460 1389 1662 1440 dignitate
1701 1397 1798 1428 ante
1835 1402 1993 1428 annum

285 1449 545 1489 millesimum
579 1450 835 1494 CCCLXXI,
871 1464 951 1500 quo
985 1450 1225 1489 successisse
1260 1449 1411 1488 dicitur
1454 1449 1618 1488 cuidam
1658 1450 1793 1487 Petro.
1837 1448 1992 1486 Deinde

276 1523 388 1546 anno
446 1508 770 1548 MCCCLXXIV
821 1510 1050 1548 translatus
1113 1518 1175 1548 est
1228 1509 1280 1547 ad
1336 1507 1561 1548 Ecclesiam
1615 1509 1847 1547 Tullensem
1874 1507 1903 1556 1,
1952 1516 1993 1546 et

277 1561 393 1606 anno·
431 1567 808 1608 MCCCLXXXIII
843 1569 976 1608 evasit
1009 1568 1242 1608 cardinalis.
1280 1569 1381 1607 Erat
1424 1577 1566 1607 autem
1599 1569 1761 1616 absens,
1795 1576 1842 1606 ut
1876 1575 1993 1606 nota-

281 1637 372 1666 tum
405 1637 466 1666 est
500 1628 542 1666 in
580 1628 682 1667 libro
713 1629 1029 1678 Obligationam.
1063 1629 1212 1667 Postea
1243 1627 1419 1667 intravit
1449 1628 1745 1668 curiamxanno
1778 1627 1993 1667 millesimo

282 1688 621 1737 CCCLXXXIV,
653 1688 716 1727 die
744 1703 787 1726 1v
814 1688 920 1738 junii
949 1688 976 1727 ².
1009 1689 1062 1727 Et
1091 1696 1184 1728 tum
1212 1688 1335 1726 datus
1367 1687 1405 1726 ei
1432 1696 1494 1726 est
1523 1688 1671 1726 titulus
1705 1688 1772 1726 SS.
1807 1687 1994 1736 Quatuor

280 1756 589 1786 coronatorum.

338 1807 457 1845 Anno
486 1805 861 1846 MCCCLXXXIX
888 1816 962 1845 aut
989 1806 1150 1846 circiter
1177 1807 1361 1846 Clemens
1391 1807 1471 1845 VII
1499 1806 1535 1845 ei
1562 1806 1769 1857 delegavit
1796 1805 1994 1856 cognitio-

285 1880 378 1906 nem
407 1867 711 1905 controversiae
741 1881 845 1917 quae
874 1875 963 1905 erat
991 1867 1099 1905 inter
1127 1866 1357 1918 capitulum
1386 1866 1577 1905 ecclesiae
1607 1865 1853 1905 cathedralis
1884 1864 1994 1903 Pari-

281 1926 425 1964 siensis
449 1934 489 1964 et
513 1926 743 1977 capitulum
767 1926 908 1965 Sancti
928 1926 1163 1974 Benedicti3
1186 1926 1279 1965 vide
1303 1925 1522 1976 Aegidium
1543 1926 1817 1965 Bellameram
1838 1925 1881 1962 in
1903 1938 1994 1975 cap.

287 1985 389 2022 Cam
416 1985 524 2033 olim,
550 1986 608 2023 De
635 1986 811 2025 testibus.

341 2046 459 2082 Anno
476 2044 735 2084 MCCCXCII
751 2053 929 2084 exeunte
944 2045 1079 2084 factus
1096 2044 1112 2067 3
1126 2045 1206 2083 fuit
1220 2045 1435 2095 episcopus
1453 2044 1666 2083 Ostiensis.

342 2105 459 2142 Anno
500 2104 783 2158 MCCCXCIV-
815 2105 1072 2144 consecravit
1109 2104 1382 2143 Benedictum
1422 2104 1546 2152 XIII,
1584 2113 1632 2142 ut
1670 2103 1819 2154 legitur
1856 2116 1995 2153 supra,

290 2163 336 2212 [t.
360 2163 389 2214 ι]
417 2179 456 2215 p.
491 2164 580 2203 540,

343 2223 460 2261 Anno
493 2222 745 2262 MCCCXCV
776 2238 869 2262 cum
899 2232 981 2262 tres
1012 2224 1134 2262 duces
1168 2223 1363 2262 Franciae
1394 2222 1507 2262 missi
1537 2222 1711 2261 fuissent
1740 2221 1996 2260 Avenionem

290 2296 311 2319 a
343 2297 433 2332 rege
465 2297 537 2333 pro
562 2283 805 2333 quaerendis
823 2283 1053 2321 rationibus
1094 2282 1365 2334 extinguendi
1404 2281 1651 2330 schismatis,
1691 2280 1996 2332 placuissetque

290 2342 457 2380 consilio
479 2342 588 2392 regio
610 2358 692 2380 non
714 2343 794 2380 alio
817 2343 982 2381 meliore
1005 2343 1128 2382 modo
1150 2342 1187 2381 ei
1210 2343 1334 2381 finem
1355 2341 1513 2392 imponi
1532 2356 1649 2392 posse
1673 2355 1799 2391 quam
1820 2355 1891 2391 per
1916 2354 1996 2378 ces-

290 2400 446 2440 sionem
471 2402 648 2441 duorum
663 2402 1008 2441 contendentium
1033 2402 1081 2441 de
1097 2416 1259 2442 summo
1274 2401 1539 2452 pontificatu,
1564 2415 1610 2439 ac
1632 2408 1849 2451 propterea
1873 2399 1997 2438 iidem

292 2460 412 2498 duces
444 2460 484 2498 in
515 2462 634 2500 aedes
666 2476 759 2499 suas
791 2469 1034 2500 evocassent
1065 2461 1290 2500 cardinales
1322 2474 1545 2510 eorumque
1577 2460 1788 2510 opiniones
1819 2458 1997 2508 exquisi-

292 2519 460 2565 vissent‚
499 2521 720 2558 cardinalis
758 2522 801 2558 de
839 2520 1092 2568 Novocastro,
1130 2529 1178 2558 ut
1214 2529 1276 2559 est
1313 2520 1424 2570 apud
1463 2519 1795 2558 continuatorem
1834 2517 1998 2568 Nangii,

293 2593 330 2627 p.
364 2579 450 2626 138,
481 2579 522 2616 in
550 2588 666 2617 tomo
696 2589 813 2618 sexto
845 2580 1058 2630 Spicilegii
1090 2579 1337 2619 Dacheriani
1351 2579 1380 2627 4,
1412 2579 1577 2629 firmiter
1604 2578 1755 2628 juravit
1782 2591 1822 2615 se
1850 2577 1998 2615 credere

293 2652 419 2686 regem
441 2647 474 2676 et
495 2647 659 2688 patruos
680 2640 766 2689 ejas
789 2639 864 2677 hac
887 2654 1007 2690 usqae
1030 2639 1219 2677 unionem
1241 2639 1414 2677 Ecclesie
1435 2638 1654 2688 affectasse,
1677 2645 1712 2675 et
1733 2637 1827 2687 qaia
1850 2644 1999 2674 matare

293 2698 467 2734 credebat
483 2706 516 2735 et
533 2699 718 2747 sperabat
735 2707 770 2736 et
786 2714 875 2737 cam
894 2713 1041 2748 magna
1058 2698 1337 2736 deliberatione
1354 2712 1417 2735 eos
1435 2698 1542 2735 viam
1558 2696 1747 2735 cessionis
1764 2704 1998 2745 acceptasse,

293 2769 377 2792 eam
399 2757 549 2794 tenebat
574 2758 784 2796 meliorem.
810 2756 952 2796 Melius
977 2766 1119 2798 autem
1141 2765 1183 2796 et
1206 2757 1338 2797 multo
1363 2757 1508 2795 clarius
1533 2757 1710 2794 habetur
1733 2755 1797 2793 hic
1820 2755 1932 2793 locus
1957 2754 2000 2792 in

348 2903 373 2934 1.
408 2903 567 2936 Nonnne
594 2906 737 2948 eveque
766 2906 809 2938 de
839 2906 980 2938 Nevers
1008 2906 1053 2938 10
1080 2905 1218 2939 sevrier
1243 2905 1349 2945 1371,
1378 2904 1402 2936 il
1428 2915 1541 2947 passa
1565 2915 1629 2936 sur
1654 2903 1686 2936 le
1712 2902 1810 2946 siege
1837 2901 1882 2935 de
1904 2899 1999 2934 Toul

296 2955 324 2985 lv
347 2957 387 2987 27
408 2958 499 2988 aeut
522 2958 611 2989 1372
635 2958 781 3000 (Eubel,
802 2959 1036 2998 Hierarchia,
1056 2965 1082 2992 t.
1102 2971 1126 2999 1,
1146 2971 1181 3002 p.
1202 2959 1272 2992 369
1291 2964 1329 2991 et
1349 2958 1445 3001 502).

346 3011 373 3040 2.
410 3009 538 3044 liubi-l.
560 3011 791 3051 IIierarchia,
811 3018 837 3045 t.
855 3024 878 3051 1,
898 3024 932 3055 p.
954 3013 1009 3045 28.

344 3064 375 3093 33..
413 3062 464 3092 lin
491 3063 592 3101 1393,
617 3064 765 3107 d'apres
791 3065 922 3104 Euhel,
947 3066 1095 3099 ibidem.

346 3115 375 3145 31.
408 3115 614 3157 Bcdlaguct,
644 3124 669 3149 t.
696 3129 733 3156 11,
762 3130 796 3161 p.
827 3119 907 3151 268.

2081 250 2083 306 ἒ
