2083 3458
204 233 287 274 876
854 239 1007 273 NOTAE
1041 247 1102 273 AD
1136 247 1266 272 VITAs
1761 228 1914 286 [1363]

204 332 315 371 tibus
345 347 439 371 eum
469 332 745 371 cardinalibus
776 330 1046 369 Ambianensi
1072 339 1114 370 et
1146 329 1478 377 Ravennatensi3
1511 345 1562 368 ex
1601 330 1746 368 eodem
1772 329 1918 367 Diario

261 452 380 489 Anno
407 452 551 489 eodem
579 451 738 489 Pileum
763 450 956 489 habuisse
983 449 1392 488 administrationem
1417 448 1680 500 episcopatus
1706 447 1918 486 Vivarien-

208 511 260 549 sis
280 511 294 533 ¹
317 511 469 561 probat
501 525 550 549 ex
583 510 834 561 quibusdam
856 509 1011 548 tabulis
1038 508 1214 561 operarii
1235 508 1441 548 Ecclesiae
1468 508 1717 547 Vivariensis
1738 508 1918 546 ..loannes

209 570 410 609 Columbi.

262 630 381 668 Anno
402 629 832 677 MCCCLXXXVIII,
854 629 917 667 die
938 637 1088 667 octava
1102 627 1296 679 januarii,
1316 628 1427 666 idem
1443 627 1661 666 cardinalis
1677 627 1731 665 ad
1747 626 1921 665 Mariam

207 689 391 740 reginam
423 689 548 740 paulo
581 697 677 727 ante
711 697 1082 727 commemoratam
1114 696 1157 726 et
1189 688 1242 726 ad
1284 687 1432 726 liberos
1467 687 1554 737 ejus
1599 687 1777 725 adduxit
1818 686 1920 724 duos

209 749 462 787 Venetorum
483 749 654 798 legatos.
681 749 918 799 Exposuere
941 747 999 785 illi
1021 748 1222 786 mandata
1245 762 1332 786 sua.
1359 747 1426 785 Eis
1450 762 1547 785 vero
1570 746 1734 785 nomine
1757 746 1921 796 reginae

207 808 421 859 respondit
439 808 548 847 idem
567 808 786 847 cardinalis
804 808 1051 858 perurbane,
1071 807 1141 846 sed
1162 806 1282 845 nullis
1302 806 1533 857 promissis,
1551 822 1601 845 ex
1619 806 1764 845 eodem
1777 805 1922 844 Diario

219 869 273 918 [p.
305 868 415 918 492].

265 928 421 976 Quarto
456 927 601 966 deinde
636 942 764 966 nonas
800 927 857 978 [4]
883 927 979 965 maii
1006 927 1193 977 ejusdem
1226 925 1325 964 anni
1351 926 1535 964 Clemens
1569 940 1664 964 eum
1703 924 1922 964 constituit

210 988 394 1037 legatum
422 987 580 1035 Italiae,
604 995 651 1025 ut
675 995 797 1025 notat
822 986 1020 1025 Odoricus
1049 986 1305 1036 Raynaldus,
1330 1000 1396 1024 an.
1424 985 1541 1034 1389,
1572 986 1588 1035 ἓ
1612 985 1648 1024 9.
1675 986 1730 1023 At
1752 985 1795 1022 in
1817 984 1922 1022 libro

212 1046 515 1096 Obligationam
534 1046 786 1085 adnotatum
806 1055 868 1085 est
890 1054 981 1085 eam
1002 1042 1253 1096 legationem
1273 1045 1331 1083 illi
1352 1045 1561 1084 decretam
1582 1060 1666 1084 esse
1688 1044 1752 1083 die
1772 1052 1921 1095 quarta

212 1106 310 1144 maii
328 1106 355 1145 2.

267 1166 465 1204 Extincto
495 1165 663 1204 demum
694 1166 863 1204 Urbano
884 1173 1001 1203 'anno
1032 1165 1249 1203 millesimo
1279 1165 1625 1213 CCCLXXXIX,
1652 1164 1797 1203 eadem
1825 1162 1922 1202 faci-

211 1226 329 1264 litate
365 1239 445 1275 qua
479 1240 574 1264 eum
608 1220 857 1273 deseruerat,
894 1225 1148 1263 Clementem
1182 1223 1376 1273 deseruit,
1410 1233 1452 1263 et
1486 1224 1538 1262 ad
1562 1223 1825 1262 Bonifacium
1862 1222 1922 1260 IX

211 1300 251 1323 se
277 1285 468 1332 contulit,
494 1284 564 1335 qui
587 1284 716 1333 illum,
741 1293 789 1323 ut
813 1285 1070 1323 Contelorius
1111 1285 1165 1335 [p.
1193 1283 1287 1335 109]
1313 1284 1385 1332 ait,
1421 1284 1484 1322 die
1509 1299 1581 1322 x111
1606 1282 1802 1322 februarii
1825 1282 1924 1320 anni

214 1344 450 1383 MCCCXCI
476 1344 539 1382 uti
564 1344 815 1383 cardinalem
840 1344 995 1395 recepit
1020 1344 1062 1382 in
1086 1344 1253 1395 publico
1278 1352 1319 1382 et
1344 1343 1510 1394 privato
1537 1343 1792 1382 consistorio.
1820 1342 1921 1380 Vide

212 1404 510 1443 Theodericum
532 1419 555 1442 a
580 1404 712 1452 Niem,
734 1404 804 1443 lib.
824 1405 856 1452 I,
876 1405 935 1442 De
956 1404 1179 1451 schismate,
1200 1418 1289 1453 cap.
1315 1418 1403 1449 Lx1;
1420 1403 1490 1442 lib.
1513 1403 1567 1451 II,
1591 1418 1678 1454 cap.
1698 1418 1786 1450 xm,
1811 1402 1920 1452 [pag.

216 1464 288 1502 111
313 1472 352 1502 et
376 1463 485 1514 141]‚
509 1472 550 1502 et
569 1463 832 1502 Bonifacium
851 1464 899 1502 de
921 1462 1138 1502 Amana'tis
1161 1463 1203 1500 in
1226 1463 1413 1501 Clement.
1435 1463 1631 1512 Dignam,
1662 1463 1719 1500 De
1744 1462 1920 1500 celebrat.
1949 1458 1952 1462 ⁴

216 1538 442 1562 missarum.

267 1584 386 1620 Anno
416 1583 702 1621 MCCCXCIII
730 1582 966 1621 Bonifacius
1001 1583 1061 1620 IX
1090 1597 1184 1620 eum
1208 1581 1427 1621 constituit
1451 1582 1653 1621 vicarium
1674 1590 1715 1620 et
1738 1582 1922 1631 legatum

216 1642 327 1681 Sedis
348 1642 599 1692 apostolicae
619 1642 660 1680 in
677 1642 843 1680 Perusio
863 1651 904 1681 et
923 1643 1010 1692 ejus
1029 1641 1233 1680 comitatu
1251 1650 1292 1679 et
1312 1641 1523 1689 districtu3
1543 1642 1666 1680 Odor.
1685 1640 1922 1690 Raylnald.,

213 1716 278 1740 an.
315 1702 429 1749 1393,
469 1702 485 1750 ξ
519 1702 554 1740 3.

268 1763 387 1799 Anno
414 1761 712 1799 MCCCXCVII
739 1761 853 1799 dedit
881 1761 1056 1811 Ugolino
1081 1761 1130 1799 de
1158 1760 1327 1799 Trineiis
1353 1768 1394 1798 et
1419 1760 1712 1799 communitati
1739 1759 1923 1810 Fulginei

212 1821 538 1859 instrumentum
569 1820 774 1871 plenariae
805 1820 1038 1859 securitatis
1069 1820 1118 1858 de
1146 1820 1309 1858 'duobus
1341 1819 1520 1858 millibus
1553 1820 1815 1868 florenorum,
1845 1817 1923 1857 sibi

212 1880 508 1930 promissorum
543 1894 617 1931 pro
650 1880 926 1930 resignatione
963 1894 1089 1930 quam
1123 1888 1246 1918 antea
1282 1880 1436 1918 fecerat
1470 1879 1711 1918 monasterii
1746 1879 1922 1917 Sanctae

215 1939 350 1978 Crucis
374 1940 422 1977 de
446 1939 669 1987 Saxovivo,
693 1939 803 1989 quod
827 1939 923 1977 olim
943 1940 1149 1977 habuerat
1173 1939 1214 1977 in
1242 1939 1551 1987 commendam3
1573 1939 1667 1977 vide
1693 1939 1923 1977 Durantem

218 1999 388 2037 Dorium
422 1998 464 2036 in
497 1998 683 2036 Historia
714 1999 897 2049 familiae
934 1999 1133 2046 Trinciae,
1168 2013 1208 2050 p.
1243 1999 1308 2038 84.

267 2058 386 2096 Anno
420 2058 742 2097 MCCCXCVIII
775 2059 817 2096 in
848 2058 1063 2109 pervigilio
1084 2058 1321 2096 nativitatis
1348 2058 1515 2096 Domini
1546 2058 1700 2109 incepit
1730 2070 1921 2108 vesperas

218 2118 372 2156 Romae
395 2117 437 2155 in
461 2118 616 2168 capella
640 2132 787 2168 papae,
821 2117 991 2156 indutus
1015 2117 1189 2168 pluviali
1212 2126 1253 2156 et
1277 2117 1414 2166 mitra,
1448 2126 1562 2156 stans
1587 2118 1639 2155 ad
1662 2118 1771 2155 latus
1796 2130 1922 2155 cornu

213 2177 354 2215 altaris
385 2192 507 2227 super
537 2177 779 2215 cathedram
809 2177 881 2215 ubi
910 2186 1025 2215 stant
1055 2176 1231 2228 praelati
1262 2191 1355 2216 cum
1387 2177 1597 2216 celebrant
1626 2191 1766 2215 coram
1798 2189 1920 2226 papa.

219 2237 264 2274 In
288 2236 352 2274 die
376 2251 473 2274 vero
498 2236 733 2275 nativitatis
759 2236 865 2274 dixit
890 2237 1058 2275 missam
1090 2236 1132 2274 in
1163 2236 1308 2275 tertiis.
1337 2237 1504 2287 Septem
1538 2236 1764 2276 cardinales
1797 2235 1921 2273 inter—

215 2296 394 2334 fuerunt.
427 2297 518 2334 Non
544 2295 659 2334 dedit
685 2296 1018 2334 benedictionem
1043 2304 1139 2346 post
1166 2296 1354 2344 missam3
1394 2305 1428 2334 et
1454 2297 1567 2345 male,
1596 2296 1748 2346 (inquit
1776 2296 1921 2333 Petrus
1977 2329 1980 2333 .

216 2355 362 2393 Amelii
389 2355 431 2392 in
459 2370 531 2393 suo
561 2356 708 2393 Ordine
736 2370 912 2404 romanO,
941 2370 1030 2406 cap.
1063 2357 1188 2404 chv)
1219 2356 1314 2406 qaia
1341 2356 1516 2395 debebat.

269 2415 311 2452 P.
344 2414 434 2461 496,
464 2414 530 2464 lig.
564 2415 598 2453 5.
632 2416 863 2453 GALEOTUS
897 2430 951 2452 DE
984 2416 1267 2463 PETRAMALA,
1299 2415 1507 2464 Aretinus,
1537 2423 1585 2453 ut
1615 2429 1739 2466 supra
1774 2429 1813 2465 p.
1847 2412 1923 2451 710

216 2474 481 2511 observatum
512 2482 587 2512 est.

269 2533 387 2569 Anno
426 2533 701 2571 MCCCXCIV
737 2533 928 2572 interfuit
965 2533 1155 2572 electioni
1190 2533 1406 2575 Benedicti
1444 2534 1552 2571 XIII
1590 2541 1631 2572 et
1667 2533 1792 2584 paulo
1817 2503 1924 2582 post

265 2705 295 2736 1.
329 2704 686 2738 L’administration
728 2706 771 2738 de
810 2698 963 2748 I'Eglise
1003 2706 1046 2737 de
1078 2705 1224 2738 Viviers
1254 2704 1319 2748 qui
1360 2705 1412 2737 lui
1451 2704 1557 2738 avait
1587 2706 1645 2738 ete
1676 2704 1860 2737 coneedee
1891 2702 1923 2735 le

218 2758 259 2788 25}
278 2757 425 2799 junx-ier
442 2759 534 2791 ‘1387
554 2758 613 2791 lut
629 2760 817 2802 revoquec
834 2760 865 2792 le
883 2760 925 2792 23
944 2759 1141 2791 decembre
1159 2759 1252 2792 1388
1274 2758 1422 2802 (Eubel,
1441 2758 1674 2798 Hierarclzia,
1693 2764 1719 2791 t.
1735 2770 1759 2798 1,
1773 2769 1807 2802 p.
1823 2755 1922 2799 533).

268 2811 296 2842 2.
324 2811 452 2849 liuth
486 2816 521 2843 Ml
548 2824 589 2850 s.,
613 2818 638 2844 t.
660 2825 683 2850 1,
708 2824 741 2855 p.
766 2813 821 2851 28,
845 2819 932 2845 note
956 2813 986 2845 8.
1017 2832 1065 2834 -
1084 2812 1155 2844 Sur
1180 2812 1281 2845 Pileo
1303 2812 1351 2844 da
1378 2812 1505 2852 Prata,
1531 2811 1612 2847 voir
1637 2812 1670 2844 J.
1699 2810 1924 2844 Kaufmann

221 2863 227 2899 ['
239 2864 437 2896 L'rlmmlen
452 2876 496 2896 zu
507 2865 605 2897 einer
621 2866 737 2898 bislzer
750 2865 1190 2908 anbelsanntenLegalion
1202 2866 1261 2898 des
1275 2865 1474 2898 Cardinals
1485 2865 1614 2898 Pileus
1627 2866 1666 2898 in
1674 2863 1926 2897 Deatsclzland

218 2927 284 2947 aas
309 2917 386 2948 (lem
409 2916 523 2949 Jalzre
545 2918 650 2958 1394,
677 2919 769 2951 dans
795 2919 945 2962 Qaellen
970 2919 1046 2951 und
1067 2919 1342 2961 Forschangen,
1367 2925 1393 2951 t.
1417 2930 1443 2950 11
1471 2918 1606 2962 (1899),
1624 2930 1659 2962 p.
1687 2917 1857 2956 284-316,
1885 2921 1924 2948 et

216 2968 311 3001 Zam
333 2970 476 3002 Tractat
496 2970 580 3003 iiber
599 2972 655 3004 die
674 2972 794 3014 Frage
814 2973 873 3005 der
890 2972 1123 3014 Absenclung
1140 2973 1238 3005 eines
1256 2971 1417 3014 Legaten
1436 2972 1528 3004 nach
1543 2968 1795 3004 Deutschland
1816 2969 1922 3009 1394,

216 3021 319 3059 ibid„
341 3027 366 3054 t.
387 3034 425 3054 111
450 3023 584 3066 (1900),
606 3036 640 3067 p.
663 3025 801 3067 69-81),
826 3025 868 3058 N.
884 3025 1011 3058 Valois
1036 3026 1075 3067 (t.
1094 3037 1132 3064 11,
1153 3037 1188 3068 p.
1211 3024 1309 3068 502),
1327 3024 1373 3058 H.
1389 3025 1431 3058 V.
1454 3023 1926 3068 Sauerland(Aktensmcke

216 3074 510 3171 Ζιιι-ὃῼξεζέξῖΙιίε
528 3077 587 3109 des
604 3077 761 3120 Papstes
783 3078 911 3111 Urban
938 3078 1004 3118 VI,
1030 3079 1123 3111 dans
1146 3078 1394 3111 Historisches
1416 3078 1619 3118 Jahrbach,
1640 3084 1666 3111 t.
1692 3089 1760 3110 X1v
1785 3075 1922 3120 (1893),

218 3138 250 3169 p.
305 3134 323 3158 ζ.
352 3130 386 3150 -‘
458 3153 464 3161 .
