2083 3458
97 222 249 278 [1034]
439 286 442 289 ¹
628 239 842 264 PAPARUM
880 239 1266 266 AVENIONENSIUM
1711 224 1790 265 551

83 322 164 360 ruit
185 323 326 360 oculos.
353 322 402 359 Et
426 322 496 359 iste
525 321 626 359 dizit
647 322 728 359 sibi
749 323 786 359 si
809 323 958 360 volebat
979 322 1158 371 confiteri
1180 332 1214 361 et
1236 324 1441 373 respondit
1463 324 1565 373 quod
1592 324 1663 371 sic,
1687 323 1794 361 stetit

83 395 228 430 parum
247 395 335 418 cum
355 381 584 429 consessore,
601 389 636 419 et
654 381 861 430 requisivit
879 396 967 418 eum
988 381 1032 418 de
1051 382 1304 421 eucharistia.
1329 382 1378 420 Et
1397 396 1484 419 cum
1506 382 1669 420 disiisset
1690 382 1792 431 quod

84 454 163 477 non
187 448 269 477 erat
292 440 515 489 expediens,
543 439 638 489 quia
661 449 885 489 sumpserat
909 440 1055 488 cibum,
1084 441 1154 478 iste
1180 441 1281 478 discit
1306 442 1407 491 quod
1430 455 1519 490 ymo
1544 441 1790 490 expediebat,

83 498 178 548 quia
197 498 386 536 viaticum
406 513 486 536 non
504 506 669 547 occupat
687 498 826 536 locum.
848 499 900 536 Et
918 507 1010 536 tunc
1029 500 1173 548 recepit
1191 514 1349 549 parum,
1370 508 1405 537 et
1423 500 1489 537 visi·
1507 500 1636 549 potuit
1655 500 1788 548 deglu-

83 557 166 596 tire.
195 557 247 595 Et
269 558 404 595 statim
428 557 509 606 fuit
530 556 612 594 sibi
637 565 836 606 portatum
862 565 1145 596 testamentum.
1175 559 1226 596 Et
1250 573 1339 596 cum
1366 559 1556 607 inciperet
1581 559 1790 608 disponere

83 616 129 654 de
150 615 230 654 hiis
253 631 324 666 que
354 616 503 654 volebat
532 616 716 653 ordinare
740 616 783 653 in
806 624 1031 654 testamento
1052 631 1136 664 su0,
1161 625 1371 667 antequam
1394 620 1619 666 perfecisset
1641 617 1789 667 incepit

81 675 251 713 clamare
271 688 284 712 .·
306 675 531 713 Succurrite
550 674 684 722 michi,
704 675 919 712 succurrite
939 675 1071 714 michi.
1095 675 1145 713 Et
1162 676 1335 724 jaciebat
1353 685 1555 725 aspectum
1574 676 1790 714 terribilem

81 742 116 772 et
145 734 372 783 spumabat,
406 742 441 771 et
471 734 529 771 sic
560 733 692 772 emisit
723 734 924 783 spiritum.

135 792 267 831 Extat
283 793 393 843 apud
412 792 634 831 Odoricum
653 792 932 841 Raynaldum,
951 806 1015 831 an.
1037 792 1150 840 1378,
1176 793 1191 841 ξ
1209 793 1271 839 41,
1291 794 1515 832 declaratio
1533 807 1658 844 quam
1675 793 1783 831 idem

80 851 298 891 cardinalis
319 852 381 890 die
403 866 492 889 xxii
511 850 690 901 augusti,
709 851 751 890 id
771 859 846 899 est,
866 851 1082 901 aliquanto
1102 860 1197 890 ante
1218 861 1407 900 mortem,
1430 853 1527 891 fecit
1545 853 1586 890 in
1607 853 1784 902 gratiam

82 910 238 949 Urbani
257 911 328 958 VI,
355 919 402 949 ut
429 918 632 949 testatum
650 910 805 949 faceret
830 924 923 948 eum
951 925 1044 949 vere
1073 924 1120 948 ac
1145 910 1269 949 libere
1297 912 1473 949 electum
1497 919 1538 950 et
1564 925 1706 949 verum
1734 925 1781 950 ac

78 970 309 1020 legitimum
324 983 476 1020 papam
491 984 589 1008 esse.
607 969 736 1019 Super
759 982 839 1018 qua
854 969 1132 1007 declaratione
1156 969 1435 1020 interrogatus
1456 971 1565 1008 idem
1584 970 1779 1018 Jacobus,

79 1028 339 1076 camerarius,
355 1028 530 1078 ingenue
546 1028 678 1066 fassus
695 1036 757 1066 est
772 1028 885 1066 illam
900 1028 990 1076 sibi,
1010 1029 1199 1078 quamvis
1214 1029 1363 1066 intimo
1385 1029 1579 1067 familiari
1594 1029 1781 1079 ejusdem

78 1087 308 1136 cardinalis,
320 1088 508 1138 ignotam
523 1088 657 1126 fuisse.
675 1087 871 1137 Sequitur
882 1087 991 1125 enim
1005 1087 1149 1125 statim
1165 1087 1192 1125 1:
1213 1079 1486 1136 Interroga‘us
1499 1088 1536 1125 si
1561 1088 1660 1132 vidit
1681 1088 1783 1138 quod

77 1155 246 1196 tempore
268 1155 403 1184 mortis
425 1147 484 1184 vel
503 1155 592 1184 ante
613 1147 814 1195 confessus
835 1146 977 1194 fuisset
997 1147 1153 1196 aliquid
1173 1147 1218 1183 de
1239 1161 1349 1195 papa
1377 1146 1541 1184 Urbano
1563 1147 1666 1196 quod
1685 1155 1785 1185 esset

77 1219 190 1243 verus
210 1220 332 1255 papa,
352 1206 555 1255 respondit
576 1206 678 1255 quod
699 1220 778 1242 non
799 1205 898 1243 vidit
920 1219 987 1242 nec
1007 1206 1092 1252 scit,
1111 1205 1198 1243 licet
1219 1206 1375 1243 audivit
1395 1205 1445 1243 ab
1459 1205 1665 1255 aliquibus
1681 1205 1784 1256 quod

77 1278 207 1302 mense
223 1264 387 1313 augusti
404 1265 606 1314 consessus
622 1264 744 1313 fuerit
759 1278 890 1302 coram
907 1264 1070 1302 testibus
1088 1272 1122 1301 et
1140 1265 1292 1301 notario
1311 1265 1412 1314 quod
1428 1273 1524 1301 esset
1541 1278 1653 1302 verus
1671 1279 1782 1313 papa

33 1329 37 1334 '
77 1324 263 1368 dominus
298 1323 498 1362 Urbanas.
532 1323 610 1361 Sed
639 1323 709 1361 iste
739 1337 818 1360 non
847 1323 946 1361 vidit
975 1322 1055 1370 hoc,
1087 1323 1174 1360 licet
1202 1323 1415 1361 continuus
1444 1323 1720 1361 commensalis
1749 1331 1784 1361 et

75 1384 273 1420 assisteret
303 1382 384 1420 sibi
417 1382 577 1420 assidue
609 1391 643 1420 et
675 1381 896 1431 confidebat
927 1382 972 1419 de
1006 1383 1079 1420 isto
1114 1382 1214 1419 inter
1246 1390 1385 1420 ceteros
1416 1382 1640 1431 familiares
1672 1396 1780 1421 suo-9.

79 1441 348 1491 Interrogatus
380 1442 417 1479 si
450 1441 549 1491 vidit
581 1442 888 1479 instrumentum
928 1441 1135 1490 publicum
1171 1441 1213 1478 in
1247 1455 1320 1490 quo
1353 1441 1611 1489 confitebatur
1653 1441 1782 1479 dictus

76 1501 262 1538 dominus
298 1500 517 1539 cardinalis
550 1501 652 1550 quod
686 1509 783 1538 esset
820 1514 932 1538 verus
969 1514 1079 1549 papa
1116 1499 1302 1537 dominus
1347 1500 1547 1547 Urbanus,
1577 1500 1784 1549 respondit

76 1560 177 1609 quod
206 1559 298 1597 bene
325 1559 424 1597 vidit
450 1558 551 1598 illud
579 1559 897 1606 instrumentum,
926 1559 995 1596 sed
1021 1573 1100 1596 non
1127 1567 1208 1596 erat
1234 1559 1291 1596 ibi
1318 1558 1559 1608 subscriptio
1587 1559 1631 1596 de
1656 1573 1779 1596 manu

76 1619 234 1656 notarii.
257 1618 308 1656 Et
326 1619 482 1669 quando
502 1619 629 1657 dictus
649 1619 829 1657 notarius
849 1618 1144 1667 infirmabatur,
1168 1619 1238 1655 iste
1258 1618 1329 1655 ivit
1347 1619 1399 1655 ad
1416 1632 1504 1655 eum
1524 1619 1568 1655 de
1594 1618 1779 1655 mandato

75 1677 228 1729 domini
252 1678 376 1716 nostri
399 1691 516 1728 pape,
541 1686 575 1715 et
597 1677 700 1716 discit
721 1677 802 1715 sibi
826 1677 929 1728 quod
949 1691 990 1715 se
1011 1677 1282 1715 subscriberet.
1311 1676 1395 1714 Sim
1412 1677 1507 1714 vliter
1533 1685 1567 1715 et
1593 1677 1780 1713 dominus

73 1735 306 1785 Corfiensis'
326 1737 532 1787 requisivit
568 1737 681 1774 illum
726 1736 938 1775 notarium.
978 1735 1055 1774 Sed
1089 1736 1154 1773 ille
1189 1736 1369 1774 notarius
1405 1750 1622 1785 numquam
1658 1734 1780 1773 voluit

72 1803 106 1834 et
121 1790 334 1834 excusabat
349 1810 400 1834 se.
422 1795 558 1833 Nescit
574 1810 748 1834 causam.
771 1795 848 1833 Sed
865 1796 939 1833 scit
957 1796 1027 1833 iste
1049 1796 1151 1845 quod
1168 1809 1247 1832 non
1262 1795 1355 1844 jecit
1377 1796 1554 1844 aliquam
1576 1809 1622 1831 su
1631 1795 1779 1843 bscrip—

71 1855 228 1893 tionem.
257 1855 307 1893 Et
331 1863 425 1893 sunt
452 1855 494 1892 in
521 1855 588 1892 illo
616 1855 875 1892 instrumento
903 1854 1100 1892 nominati
1127 1862 1294 1903 quatuor
1320 1862 1442 1901 testes,
1471 1854 1657 1891 dominus
1685 1853 1779 1890 Cor-

71 1913 208 1962 fiensis
228 1914 448 1952 cardinalis
467 1922 502 1951 et
521 1914 708 1951 dominus
729 1913 950 1952 Nicholaus
971 1914 1016 1951 de
1037 1913 1232 1950 Cremona
1251 1913 1410 1950 auditor
1430 1913 1779 1958 contradictarum,

71 1981 105 2011 et
139 1973 324 2010 dominus
362 1973 568 2021 Tibaldus,
603 1973 724 2022 frater
758 1973 852 2011 dicti
886 1972 1105 2010 cardinalis
1140 1973 1184 2009 de
1219 1972 1363 2010 Sancto
1397 1971 1525 2019 Petro,
1562 1980 1595 2009 et
1630 1971 1779 2008 nobiils

74 2031 305 2070 Fredericus
341 2032 386 2069 de
426 2031 585 2070 Canali.
632 2032 789 2070 Horum
818 2031 985 2070 nomina
1027 2031 1255 2081 suppressit
1290 2031 1488 2069 Odoricus
1533 2030 1776 2079 Raynaldus

71 2090 289 2129 brevitatis
319 2092 464 2141 gratia,
494 2099 541 2129 ut
567 2091 653 2141 ipse
682 2091 752 2129 ait.
786 2091 848 2128 Ex
876 2090 936 2129 his
966 2105 1062 2129 vero
1089 2090 1247 2140 liquido
1275 2098 1394 2139 patet
1422 2090 1528 2127 hanc
1558 2089 1776 2127 cardinalis

77 2149 218 2188 Sancti
253 2150 364 2188 Petri
399 2150 721 2189 declarationem
756 2164 837 2189 non
873 2150 996 2188 fuisse
1032 2149 1331 2196 authenticam,
1368 2149 1553 2198 adeoque
1588 2148 1701 2186 illam
1735 2148 1778 2185 in

74 2208 229 2258 judicio
263 2208 412 2246 nullius
447 2224 532 2248 esse
566 2223 684 2259 posse
718 2209 931 2247 momenti.
969 2208 1023 2246 Et
1065 2216 1205 2246 tamen
1242 2207 1482 2245 Franciscus
1518 2207 1566 2245 de
1603 2206 1775 2254 Urbino,

75 2267 289 2317 episcopus
310 2267 578 2315 Faventinus,
598 2269 744 2306 missus
763 2267 815 2305 ab
836 2267 1005 2306 Urbano
1024 2267 1075 2304 ad
1094 2279 1229 2316 regern
1246 2267 1445 2304 Castellae
1463 2279 1544 2303 non
1565 2265 1778 2302 dubitavit

74 2325 154 2364 ista
174 2327 226 2365 ad
246 2340 339 2365 eum
367 2327 555 2377 proloqui
575 2327 616 2364 in
644 2326 907 2365 celeberrimo
925 2326 994 2364 illo
1022 2334 1230 2364 conventu
1252 2324 1492 2372 Medinensi,
1513 2324 1561 2362 de
1582 2338 1662 2373 quo
1689 2324 1777 2373 jam

11 2397 14 2403 ¹
74 2385 202 2424 locuti
234 2398 373 2424 sumus
393 2384 408 2408 2
441 2401 449 2423 :
485 2385 579 2423 Item
621 2385 772 2424 habetis
804 2385 1088 2435 consessionem
1119 2392 1153 2422 et
1182 2384 1488 2433 recognitionem
1506 2382 1618 2420 illius
1647 2382 1777 2419 sancti

75 2444 151 2482 viri
175 2444 328 2482 domini
350 2444 569 2483 cardinalis
593 2444 731 2483 Sancti
754 2444 863 2482 Petri
889 2444 931 2482 in
960 2443 1120 2482 articulo
1144 2443 1291 2481 mortis.
1315 2442 1433 2490 Quod
1457 2442 1608 2479 iterum
1629 2454 1772 2479 verum

75 2517 158 2541 non
181 2512 254 2542 est.
282 2503 389 2541 Nam
412 2517 505 2542 cum
529 2503 691 2542 dicatur
714 2503 824 2542 facta
850 2503 913 2541 die
939 2517 1028 2540 xxn
1052 2502 1230 2552 augusti,
1255 2509 1429 2551 apparet
1454 2500 1607 2538 factam
1634 2500 1772 2547 fuisse,

74 2562 107 2600 si
128 2570 270 2601 tamen
290 2576 387 2601 vera
409 2570 484 2610 est,
507 2562 743 2612 quindecim
765 2562 907 2600 diebus
930 2570 1026 2600 ante
1049 2574 1139 2599 eam
1162 2574 1241 2610 qua
1264 2573 1371 2598 mors
1394 2560 1428 2597 ei
1450 2559 1601 2597 evenit.
1627 2558 1772 2596 Eidem

74 2621 302 2659 narrationi
322 2621 616 2660 auctoritatem
643 2635 716 2659 suo
739 2620 977 2659 testimonio
1004 2620 1122 2657 addit
1150 2619 1283 2657 Pileus
1300 2618 1349 2656 de
1377 2617 1502 2656 Prata
1530 2617 1571 2654 in
1597 2617 1772 2666 epistola

75 2680 127 2718 ad
155 2680 426 2727 Ludovicum,
454 2680 647 2719 comitem
676 2680 905 2727 Flandriae,
928 2679 969 2717 in
997 2687 1110 2716 tomo
1137 2685 1254 2716 sexto
1279 2676 1491 2727 Spicilegii
1514 2675 1774 2723 Dacheriani,

74 2752 112 2788 p.
135 2737 236 2777 309:
263 2738 383 2776 Hanc
401 2747 531 2776 autem
561 2739 769 2787 veritatem,
792 2738 932 2788 inclyte
961 2737 1129 2784 domine,
1151 2736 1347 2774 recolende
1375 2735 1558 2772 memorie
1586 2735 1774 2771 dominus

73 2796 210 2835 Sancti
236 2797 357 2846 Petri,
385 2798 480 2835 dum
505 2797 633 2835 adhuc
660 2798 703 2835 in
729 2797 918 2840 humanis
944 2797 997 2834 ad
1022 2796 1142 2845 finem
1167 2794 1321 2844 positus
1352 2794 1396 2831 in
1421 2794 1602 2831 extremis
1629 2801 1773 2842 ageret,

69 2855 137 2894 toti
160 2856 307 2894 mundo
331 2864 462 2894 notam
483 2864 517 2894 et
538 2856 804 2894 clarissimam
825 2856 916 2905 jecit
940 2869 1010 2904 per
1031 2854 1193 2904 publica
1226 2853 1503 2901 instrumenta;
1526 2852 1570 2889 de
1594 2866 1667 2901 quo
1691 2865 1771 2889 non

69 2923 124 2952 est
148 2915 360 2953 verisimile
398 2915 501 2964 quod
523 2923 603 2952 tam
627 2923 758 2953 sancte
784 2915 890 2964 same
925 2922 1079 2963 tamque
1104 2912 1316 2950 catholicus
1342 2912 1402 2949 vir
1426 2919 1459 2949 et
1484 2911 1671 2948 dominus
1703 2924 1769 2948 evo

120 3046 152 3080 1.
181 3046 222 3080 Β.
247 3046 305 3086 N.,
327 3058 395 3080 ms.
417 3046 512 3079 latin
533 3045 663 3088 11745,
686 3046 748 3080 fol.
772 3046 817 3079 70
837 3050 881 3086 r⁰‚
904 3051 942 3079 et
962 3056 1029 3079 ms.
1052 3043 1148 3077 latin
1167 3042 1274 3083 1462,
1297 3042 1358 3077 fol.
1384 3042 1427 3075 29
1448 3046 1492 3075 ΓΟ.

121 3100 151 3132 2.
181 3099 220 3132 Β.
245 3098 302 3139 N.‚
325 3110 391 3133 ms.
413 3099 508 3132 latin
528 3098 658 3139 11745,
680 3099 742 3133 fol.
765 3100 784 3132 7
807 3102 858 3131 νῦ.
