2083 3458
69 218 194 275 [731]
595 235 810 261 PAPARUM
846 236 1228 263 AVENIONENSIUM
1671 221 1751 263 227

110 318 232 368 Apud
251 317 477 356 Oldradum
496 317 543 355 de
563 318 706 366 Ponte,
726 319 863 357 consil.
884 319 960 358 224
979 319 1062 370 [fol.
1084 320 1158 358 116
1176 318 1251 370 v0],
1271 321 1417 370 legitur
1435 321 1543 358 hunc
1567 321 1749 359 cardina-

56 377 136 415 lem
154 375 430 415 Bertranduin
450 376 644 414 assedisse
668 377 849 416 Roberto
869 379 951 428 regi
973 379 1128 418 Siciliae
1148 379 1189 417 in
1210 393 1331 418 causa
1348 379 1608 418 successionis
1628 380 1748 418 comi-

56 443 170 474 tatus
198 434 335 474 Sancti
361 434 554 473 Severini.
927 437 929 439 ’

114 495 159 532 ln
178 494 347 532 rubricis
368 494 522 543 Regesti
543 494 638 531 anni
659 495 770 532 tertii
790 495 802 517 ¹
821 496 1033 535 Benedicti
1055 497 1153 546 XII,
1193 511 1280 547 cap.
1305 512 1450 546 cnxix,
1471 497 1529 535 ita
1550 497 1748 547 scriptum

56 561 119 592 est
144 569 151 591 :
176 553 374 603 Episcopo
399 552 534 591 Sancti
556 553 721 603 Paputi.
755 555 977 593 Mandatur
998 555 1078 593 sibi
1112 556 1212 606 quod
1233 556 1449 594 Bertrando
1485 557 1528 593 de
1551 556 1748 606 Illonteja-

58 613 197 660 ventio,
233 612 419 650 canonico
462 611 632 649 Ecclesie
655 612 844 650 Tolosane
872 614 1024 652 ordinis
1051 615 1177 652 sancti
1208 614 1441 664 Augustini,
1463 615 1662 664 provideat
1705 616 1748 653 de

58 671 236 722 prioratu
251 672 308 708 vel
320 669 442 720 officio
456 670 646 721 prepositi
661 679 694 709 et
707 672 873 721 capituli
885 673 982 711 dicte
993 673 1161 711 Ecclesia
1176 682 1368 712 vacaturo.
1389 674 1519 711 Gratis
1530 688 1600 723 pro
1616 683 1748 724 nepote

25 741 27 743 ’
56 730 286 768 cardinatis.

112 789 364 839 Augustinus
386 788 582 827 Oldoinus
608 787 848 838 [Ciaconius,
871 798 900 828 t.
922 805 962 838 11,
985 791 1058 829 col.
1081 791 1171 841 412]
1195 791 1335 829 scribit
1364 792 1471 829 hunc
1501 791 1747 830 cardinalem

59 848 280 899 praefuisse
305 847 478 886 comitiis
504 847 707 885 Minorum
732 848 920 887 Lutetiae
944 849 1094 888 habitis
1119 864 1226 888 anno
1251 850 1510 898 MCCCXIX‚
1535 850 1577 888 in
1601 851 1748 900 quibus

60 907 262 946 Gerardus
285 907 438 945 Odonis
460 907 610 945 electus
632 914 693 944 est
714 908 922 956 generalis.
943 909 1019 947 Sed
1041 923 1171 947 errare
1191 909 1306 946 illum
1327 909 1425 947 satis
1448 917 1611 947 constat
1632 924 1681 947 ex
1700 909 1747 947 iis

59 980 164 1016 quae
182 967 373 1016 leguntur
391 966 501 1016 apud
521 965 813 1015 Waddingum,
834 981 898 1005 an.
920 967 1034 1014 1329,
1060 968 1076 1016 ἓ
1096 968 1116 1005 7
1138 967 1183 1018 [t.
1204 982 1272 1015 v11,
1291 983 1329 1018 p.
1349 967 1429 1018 98].

67 1028 71 1032 ”
114 1026 156 1063 Ρ.
183 1025 270 1073 154,
293 1024 359 1075 lig.
385 1024 419 1063 6.
454 1025 625 1062 PETRUS
659 1040 713 1062 DE
748 1026 972 1073 REBLAYQ
1006 1026 1090 1065 sive
1122 1027 1170 1065 de
1202 1019 1440 1076 Arreblayo‚
1477 1027 1598 1077 vulgo
1633 1027 1749 1064 Arre-

63 1084 162 1134 blay.
201 1084 263 1123 Sic
299 1084 406 1122 enim
441 1084 679 1122 nominatur
713 1084 754 1122 in
790 1085 950 1133 Regesto
985 1086 1021 1122 A
1058 1086 1249 1124 Camerae
1285 1094 1573 1136 computorum
1609 1085 1749 1133 Paris,

61 1143 127 1181 fol.
154 1143 215 1191 24,
239 1143 309 1181 ubi
331 1143 438 1181 inter
461 1143 757 1181 commissarios
780 1157 802 1181 a
826 1158 915 1194 rege
940 1144 1128 1195 Philippo
1149 1145 1292 1183 Pulcro
1313 1144 1454 1182 missos
1477 1144 1517 1182 in
1540 1144 1750 1183 universas

60 1202 171 1252 regni
195 1202 478 1241 seneschallias
502 1202 554 1240 ad
578 1202 801 1240 levandum
825 1203 1053 1244 subsidium
1077 1203 1287 1242 decretum
1310 1218 1382 1254 pro
1408 1203 1511 1242 bello
1537 1203 1751 1241 Flandrico

59 1275 168 1299 anno
193 1261 442 1300 MCCCXIII
466 1261 704 1299 nominatur
727 1261 861 1300 Mons,
884 1262 931 1300 P.
952 1261 1186 1312 d’Arreblay
1212 1262 1455 1300 archediacre
1483 1263 1527 1299 cle
1552 1262 1752 1302 Bourbon.

63 1320 256 1359 Familiae
283 1320 400 1358 istius
430 1335 578 1359 nomen
606 1334 725 1371 saepe
753 1321 943 1358 scribitur
971 1322 1014 1358 de
1042 1321 1270 1370 Arreblayo,
1300 1335 1419 1371 saepe
1447 1321 1491 1358 de
1518 1321 1753 1370 Arrablayo,

61 1393 189 1430 parvo
213 1379 437 1418 admodum
461 1379 704 1418 discrimine.
727 1379 772 1417 In
797 1380 1043 1418 chartulario
1069 1380 1271 1419 Ecclesiae
1294 1380 1431 1418 Sancti
1450 1380 1612 1417 Evurtii
1630 1380 1754 1418 Aure-

61 1438 250 1477 lianensis
269 1438 534 1477 nominantur
546 1453 654 1477 anno
666 1438 916 1477 MCCLXIX
932 1439 1134 1477 Guiardus
1151 1440 1199 1478 de
1215 1439 1421 1477 Arrebleio
1436 1446 1476 1477 et
1493 1439 1754 1488 Reginaldus,

66 1497 170 1536 filius
187 1498 286 1548 ejus.
306 1498 552 1536 Alterutrius
570 1512 710 1536 eorum
729 1498 833 1536 filius
851 1498 972 1536 fuisse
990 1498 1153 1536 videtur
1171 1499 1349 1536 Joannes
1367 1498 1415 1536 de
1432 1498 1669 1547 Arreblayo,
1687 1498 1755 1547 qui

64 1557 143 1594 fuit
162 1557 432 1595 seneschallus
454 1557 794 1607 petragoricensis
815 1565 856 1596 et
876 1558 1140 1596 Cadurcensis
1161 1557 1235 1595 sub
1255 1557 1442 1607 Philippo
1470 1557 1613 1594 Pulcro
1634 1557 1756 1594 Fran-

63 1630 203 1654 corum
223 1630 327 1666 rege,
349 1624 390 1654 et
410 1631 459 1654 ex
481 1617 643 1654 Joanna
664 1616 863 1666 d'Anlezy
883 1617 1024 1666 genuit
1045 1617 1247 1655 „loannem
1269 1616 1317 1654 de
1338 1616 1566 1664 Arrablayo
1586 1614 1757 1653 militem

63 1683 105 1713 et
131 1675 240 1713 hunc
268 1675 436 1714 Petrum
464 1675 712 1713 cardinalem
727 1675 754 1714 ².
778 1676 841 1713 Ex
868 1676 944 1714 hoc
971 1676 1118 1713 ultimo
1138 1676 1296 1714 Joanne
1326 1683 1415 1714 orta
1443 1683 1504 1714 est
1528 1675 1757 1723 Margareta

64 1742 194 1784 nupta
220 1734 408 1785 Philippo
434 1735 482 1773 de
508 1734 736 1773 Cortenaio.

120 1794 287 1831 Petrum
312 1793 433 1832 fuisse
460 1793 701 1832 canonicum
736 1793 773 1832 S.
802 1793 988 1842 Quintini
1020 1794 1062 1831 in
1087 1793 1352 1832 Viromandia
1386 1807 1492 1830 anno
1519 1792 1757 1830 MCCCXVI

64 1853 185 1891 docet
209 1853 399 1891 Claudius
426 1853 673 1891 Hemaereus
696 1853 738 1890 in
760 1854 946 1902 Augusta
973 1853 1316 1900 Vir-ornandorum,
1340 1867 1379 1902 p.
1405 1852 1492 1890 267.
1518 1851 1613 1888 Fuit
1635 1850 1758 1889 etiam

65 1911 374 1950 archidiaconus
396 1911 668 1950 Borbonensis
691 1912 732 1950 in
761 1912 940 1950 Ecclesia
958 1912 1320 1961 Augustodunensi
1339 1911 1366 1959 3,
1389 1925 1485 1949 mox
1505 1924 1600 1948 vero
1626 1910 1758 1948 factus

64 1971 279 2020 presbyter
303 1971 517 2009 cardinalis
542 1971 652 2009 tituli
672 1972 844 2010 Sanctae
870 1971 1092 2009 Susannae.
1119 1971 1250 2009 Extat
1273 1971 1383 2020 apud
1406 1969 1626 2008 Odoricum
1652 1969 1759 2018 Ray-

66 2029 246 2077 naldum,
269 2044 333 2068 an.
357 2030 471 2078 1316,
492 2030 509 2079 ἓ
530 2030 592 2078 21,
608 2030 779 2080 epistola
799 2031 851 2069 ad
866 2045 959 2069 eum
974 2030 1124 2080 scripta
1140 2044 1162 2068 a
1179 2031 1337 2068 Joanne
1354 2029 1481 2066 XXII
1497 2028 1545 2066 de
1561 2027 1760 2077 dignitate

64 2089 280 2127 cardinalis
295 2089 336 2127 in
352 2104 445 2128 eum
461 2090 608 2128 collata
627 2090 653 2128 4.
672 2090 822 2128 Errant
845 2097 984 2128 autem
1001 2089 1070 2140 qui
1086 2097 1238 2139 putant
1255 2104 1347 2127 eum
1362 2096 1452 2125 tum
1468 2087 1588 2125 fuisse
1605 2086 1759 2124 factum

63 2148 302 2198 episcopum
330 2149 610 2188 portuensem.

116 2301 148 2334 1.
178 2300 298 2340 Vidal,
327 2295 495 2333 n.'4584.
522 2318 572 2322 ——-
596 2299 667 2333 Sur
692 2299 878 2332 Bertrand
905 2299 949 2332 de
977 2298 1203 2337 Montiavizs,
1234 2297 1315 2331 voir
1336 2297 1375 2330 E.
1404 2297 1497 2330 Albe
1539 2295 1696 2339 (Autour
1720 2296 1761 2328 de

64 2354 164 2387 Jean
190 2353 328 2393 XXII,
356 2352 407 2385 Le
432 2352 599 2386 cardinal
625 2353 666 2386 de
692 2352 900 2395 Montfavcs
928 2352 969 2385 de
995 2351 1192 2385 Castelnau
1220 2350 1447 2389 Μοηεναίίεν,
1479 2349 1628 2389 Cahors,
1654 2348 1759 2388 1904,

67 2420 101 2451 p.
125 2406 239 2451 1-17),
262 2406 405 2446 Mollat,
427 2405 550 2446 Vidal,
575 2405 741 2439 Daumet
761 2411 800 2439 et
828 2405 982 2449 Deprez.

116 2461 146 2493 2.
174 2459 204 2493 Il
226 2465 364 2493 ressort
387 2459 450 2492 des
473 2457 644 2502 registres
668 2458 906 2502 pontificaux
930 2469 1000 2502 que
1023 2458 1055 2490 le
1079 2456 1251 2490 senechal
1275 2456 1318 2489 de
1344 2455 1519 2498 Perigord
1542 2453 1647 2487 avait
1669 2452 1759 2487 trois

65 2513 215 2546 enfants
234 2525 240 2545 :
261 2512 394 2552 Pierre,
412 2512 444 2545 le
461 2511 568 2545 futur
584 2511 750 2545 cardinal
771 2511 944 2555 (Clamant
963 2510 1005 2551 V,
1024 2522 1059 2544 n.
1078 2510 1192 2543 10111
1212 2515 1250 2542 et
1266 2508 1417 2551 10112);
1436 2508 1543 2547 Jean,
1563 2506 1759 2545 chevalier,

65 2566 130 2610 qui
145 2567 285 2610 epousa
299 2565 409 2598 noble
425 2565 534 2598 dame
550 2564 776 2608 Margum-ite
795 2563 951 2608 (Mollat‚
968 2575 1003 2597 n.
1022 2562 1150 2606 57651)
1165 2575 1171 2602 ;
1189 2561 1400 2595 Guillaume
1416 2560 1479 2604 qui
1494 2560 1554 2592 fut
1578 2558 1759 2593 chanoine

67 2619 273 2652 d’Auxerre
297 2618 453 2662 (Mollat‚
473 2629 509 2651 n.
531 2618 652 2661 8711).
670 2617 719 2651 Le
739 2617 808 2651 sire
829 2617 1055 2659 d’Arrablay
1070 2614 1205 2649 n'etait
1224 2615 1306 2658 plus
1326 2625 1371 2647 en
1387 2613 1444 2646 vie
1460 2614 1491 2646 le
1507 2613 1549 2645 11
1572 2612 1647 2645 mai
1666 2612 1760 2645 1330

70 2672 226 2715 (Mollat‚
246 2683 280 2704 n.
301 2670 446 2714 49594).
464 2670 534 2704 Sur
550 2671 601 2704 les
621 2670 821 2704 differends
840 2681 1021 2703 survenus
1041 2674 1144 2702 entre
1163 2668 1213 2700 les
1232 2667 1319 2700 sires
1340 2666 1564 2708 d'Arrablay
1581 2671 1619 2698 et
1639 2664 1759 2697 Raoul

66 2726 111 2758 de
129 2725 287 2758 Pereaus
308 2724 473 2767 (Coulon,
491 2736 526 2757 n.
545 2723 778 2767 1089-1091).
834 2737 838 2741 ·

114 2779 147 2811 3.
166 2777 325 2811 Clamant
344 2776 387 2817 V,
405 2788 441 2810 n.
460 2777 565 2810 6481.
582 2795 631 2800 ——-
647 2776 717 2809 Sur
732 2776 783 2809 les
801 2775 985 2809 beneficas
1004 2774 1094 2818 qu’il
1111 2773 1281 2817 posseda‚
1296 2771 1377 2805 voir
1388 2771 1520 2804 Mollat
1535 2770 1583 2814 (n.
1602 2770 1659 2810 39,
1677 2770 1759 2809 111,

66 2831 147 2871 123,
166 2831 247 2870 326,
267 2831 347 2870 605,
367 2830 472 2869 1065,
491 2829 597 2870 1104,
616 2829 722 2869 1122,
741 2829 846 2868 4000,
865 2828 971 2867 4209,
990 2827 1095 2866 4210,
1115 2826 1220 2865 4214,
1239 2825 1344 2864 4497,
1365 2824 1468 2863 5651,
1489 2823 1592 2863 5789,
1613 2822 1758 2866 20207).
1781 2844 1784 2846 -

114 2886 146 2918 4.
169 2883 291 2916 Pierre
312 2883 536 2926 d'Arrablay
556 2882 616 2915 fut
634 2894 686 2915 un
704 2882 780 2915 bon
798 2881 983 2914 serviteur
1002 2880 1045 2912 de
1067 2878 1236 2922 Philippe
1256 2878 1287 2910 le
1317 2877 1381 2910 Bel
1401 2876 1464 2920 qui
1483 2875 1534 2909 lui
1553 2875 1677 2909 confia
1697 2876 1759 2908 des

0 2959 5 2962 -
66 2936 237 2969 missions
258 2947 305 2969 en
325 2936 415 2969 1311
441 2936 533 2968 dans
548 2935 584 2968 Ia
606 2934 787 2978 Guye'nne
809 2940 846 2967 et
862 2934 954 2966 dans
975 2933 1007 2966 le
1024 2931 1260 2975 Languedoc,
1276 2936 1315 2963 et
1329 2941 1375 2963 en
1389 2930 1482 2963 1313
1500 2929 1536 2962 la
1549 2929 1652 2962 levee
1670 2928 1760 2961 d’un

66 2989 216 3023 subside
236 2988 380 3022 destine
400 2989 421 3021 a
440 3000 549 3032 parer
567 2999 643 3021 aux
661 2987 748 3021 frais
770 2987 814 3020 de
832 2987 868 3019 la
888 2997 1015 3029 guerre
1036 2985 1080 3018 de
1102 2984 1272 3017 Flandre.
1296 2983 1326 3016 Il
1344 2982 1404 3015 fut
1423 2981 1592 3026 partisan
1612 2981 1655 3014 de
1677 2980 1761 3013 Phi-

66 3042 165 3086 lippe
189 3042 221 3076 le
247 3041 353 3085 Long
377 3041 441 3085 qui
464 3040 516 3074 lui
540 3052 587 3074 en
610 3047 674 3074 sut
698 3041 759 3084 gre
783 3045 822 3073 et
846 3038 910 3082 qui
943 3037 994 3071 lui
1020 3038 1145 3071 donna
1168 3037 1204 3069 la
1229 3036 1362 3079 charge
1388 3035 1432 3068 de
1466 3033 1674 3067 chancelier
1698 3034 1759 3066 des

66 3094 147 3139 juin
161 3095 265 3128 1316.
284 3094 312 3127 ΙΙ
327 3094 556 3127 abandonna
568 3105 624 3126 ses
638 3091 825 3126 fonctions
841 3102 923 3124 vers
937 3091 972 3124 la
989 3090 1039 3122 fin
1054 3090 1096 3123 de
1111 3089 1255 3122 l’annee
1273 3088 1326 3131 (L.
1344 3086 1545 3127 Perrichet,
1560 3086 1615 3120 La
1629 3086 1762 3129 grande
