2083 3458
83 191 209 245 [674]
614 206 828 232 PAPARUM
865 207 1247 234 AVENIONENsmM
1690 192 1767 233 161

71 303 194 339 quem
221 288 364 326 laudat
391 288 534 325 Petrus
561 287 777 326 Bertrandi
804 290 1018 329 cardinalis
1046 290 1083 329 S.
1112 289 1330 328 Clementis
1357 290 1397 327 in
1423 290 1650 340 proemium
1678 290 1766 328 libri

72 347 178 385 sexti
196 346 459 384 Deci-etalium
478 345 538 383 his
561 347 693 384 verbis
717 363 724 384 :
746 344 928 386 Predicta
946 349 1095 386 extraxi
1117 350 1160 386 de
1180 350 1345 398 quodam
1366 357 1530 386 tractata
1551 363 1660 398 quem
1679 349 1768 398 jecit

72 406 257 444 dominus
291 404 334 443 G.
365 404 473 442 Petri
500 404 708 454 episcopus
739 406 973 445 Sabinensis
1001 407 1230 454 cardinalis,
1260 421 1371 457 quem
1399 415 1603 445 tractatam
1633 407 1767 446 intitu-

72 465 168 502 lavit
193 465 236 501 de
261 478 380 501 caiisa
406 463 606 513 potestatis
631 464 812 503 Ecclesie.
838 466 948 504 Idem
974 466 1016 504 in
1042 481 1128 516 cap.
1152 466 1362 516 Quoniam,
1389 466 1437 504 de
1463 466 1702 513 renuntiat„
1728 466 1768 504 in

74 523 200 569 Sexto,
219 523 278 560 ita
297 521 438 560 scribit
458 537 465 559 :
487 521 603 559 Circa
622 530 750 560 nutrcem
770 524 973 562 materiam
993 525 1108 563 istam
1127 525 1221 563 dicit
1239 525 1364 563 dictas
1388 525 1572 562 dominas
1597 524 1639 564 G.
1661 525 1768 562 Petri

74 581 310 620 Sabinensis
337 581 379 618 in
405 580 503 618 dicio
528 580 658 618 libello
682 596 753 618 suo
779 583 822 619 (Ie
848 591 1029 632 potestate
1054 584 1317 633 apostolorum
1342 583 1399 621 sic
1424 583 1642 630 dicendum,
1671 584 1771 633 qnod

74 655 181 691 papa
211 640 253 677 in
282 640 389 677 nullo
417 653 523 686 casu,
554 640 743 689 quamdiu
771 649 825 678 est
852 656 973 692 papa,
1003 650 1158 692 propter
1186 643 1449 692 quodcumque
1476 642 1623 680 crimen
1651 650 1771 692 potest

75 714 141 737 nec
164 714 189 737 a
212 698 388 745 concilio,
415 712 482 735 nec
504 713 526 735 a
552 707 626 736 tota
652 699 827 737 Ecclesia.
853 715 919 738 nec
942 715 966 738 a
989 709 1062 739 toto
1088 701 1231 738 mando
1247 701 1403 751 deponi,
1426 715 1503 738 non
1527 702 1653 738 solam
1678 701 1771 751 quia

72 766 128 796 est
150 757 342 808 superior,
368 757 436 794 sed
459 756 553 806 quia
577 765 631 794 est
655 773 679 794 ιι
701 758 795 805 Deo,
823 759 889 808 qni
922 759 1002 796 sibi
1036 760 1190 797 romani
1216 759 1397 809 presulis,
1425 759 1613 809 quamdin
1639 760 1771 809 presul

73 825 139 864 est,
175 816 374 866 judiciam
409 816 626 853 reservavit.

124 875 355 913 Bernardus
372 874 584 924 episcopus
601 874 802 924 Aquensis
824 877 847 922 ¹,
885 876 999 926 cujus
1017 891 1138 926 supra
1156 877 1264 914 facta
1282 877 1435 914 mentio
1452 885 1525 917 est.
1544 876 1771 914 vocabatur

74 935 122 972 (lc
146 934 328 984 Liposca,
350 941 519 983 eratque
540 933 744 972 Guillelmi
765 935 979 973 cardinalis
1000 950 1123 985 nepos
1145 950 1194 973 ex
1214 950 1359 974 sorore.
1384 935 1446 973 Sic
1466 935 1573 974 enim
1594 943 1771 973 testatur

78 1001 193 1031 vetus
230 992 469 1031 membrana
504 992 719 1042 Aquensis,
756 993 797 1030 in
834 1008 913 1043 qua
949 994 1147 1044 scriptum
1183 1002 1244 1032 est
1281 994 1390 1044 quod
1427 994 1605 1032 Joannes
1643 994 1770 1031 XXII

74 1052 358 1102 episcopatum
391 1051 623 1101 Aquensem
656 1052 708 1088 ad
738 1066 866 1101 preces
902 1053 995 1090 bone
1028 1053 1207 1090 memorie
1239 1053 1391 1090 domini
1421 1053 1557 1101 fratris
1589 1053 1696 1090 Petri
1729 1053 1772 1089 sle

74 1110 208 1148 ordine
225 1110 521 1148 Predicatorum
538 1110 714 1160 episcopi
733 1110 968 1148 Sabinensis
986 1111 1202 1149 cardinalis
1219 1111 1381 1149 contulit
1397 1112 1554 1149 domino
1572 1111 1771 1148 Bernardo

76 1170 119 1207 (Ie
142 1169 310 1219 Liposca
335 1169 508 1218 ejusdem
533 1169 684 1206 domini
708 1170 925 1208 cardinalis
950 1170 1092 1220 nepoti,
1117 1170 1262 1207 sororis
1283 1184 1353 1207 sue
1378 1170 1473 1219 filio,
1498 1170 1772 1207 archidiacono

77 1229 118 1266 in
139 1228 314 1266 Ecclesia
333 1228 599 1266 Xantonensi.
627 1228 695 1266 Ille
716 1243 811 1266 vero
830 1229 986 1267 rediens
1010 1244 1032 1267 a
1054 1229 1377 1279 peregrinatione
1400 1229 1772 1277 Hierosolymitana

74 1302 182 1325 anno
214 1286 466 1325 MCCCXLV
499 1295 642 1336 captus
675 1295 733 1325 est
767 1302 789 1326 a
831 1288 1078 1337 quibusdam
1110 1288 1304 1326 ministris
1336 1287 1452 1337 regiis
1484 1287 1594 1326 haud
1634 1287 1773 1337 procul

75 1347 252 1395 Agatha,
273 1354 314 1384 et
338 1345 380 1383 in
410 1359 586 1384 carceres
609 1346 853 1395 Agathensis
884 1346 1061 1397 episcopi
1092 1347 1314 1396 conjectus.
1339 1346 1427 1394 Qua
1458 1346 1506 1384 de
1535 1361 1575 1384 re
1597 1346 1774 1395 graviter

74 1405 127 1443 ad
154 1405 363 1455 episcopos
391 1404 682 1454 Agathensem,
711 1405 985 1443 Biterrensem
1012 1420 1057 1444 ac
1086 1405 1427 1455 Magalonensem,
1455 1412 1545 1442 tum
1571 1405 1695 1443 etiam
1722 1404 1774 1442 ad

81 1464 312 1514 Philippum
338 1463 544 1502 Valesium
588 1478 722 1513 regem
752 1464 1000 1502 Francorum
1026 1464 1216 1514 scripsit²
1241 1464 1423 1502 Clemens
1449 1464 1504 1501 Vl
1530 1471 1577 1501 ut
1613 1471 1775 1501 constat

75 1537 125 1561 ex
144 1531 302 1572 regesto
324 1522 421 1560 anni
443 1522 579 1572 quarti
600 1523 869 1572 pontificatus
891 1523 991 1572 ejus.
1019 1523 1064 1561 In
1083 1523 1158 1560 illis
1181 1537 1300 1573 porro
1321 1522 1447 1560 literis
1469 1530 1647 1560 testatur
1668 1522 1777 1560 idem

76 1582 259 1620 Clemens
308 1581 562 1619 Bernardum
611 1582 716 1619 hanc
765 1582 1133 1632 peregrinationem
1170 1581 1392 1632 suscepisse
1442 1596 1534 1619 cum
1578 1595 1775 1619 consensu

77 1640 235 1679 romani
262 1640 487 1678 Pontificis.
518 1640 636 1688 Quod
663 1640 762 1678 mihi
790 1641 1013 1690 quamdam
1050 1641 1341 1679 obscuritatem
1376 1640 1566 1678 inducere
1599 1639 1774 1677 videtur.

80 1699 242 1738 Etenim
267 1699 308 1737 in
332 1707 490 1749 regesto
516 1699 613 1737 anni
637 1700 743 1738 sexti
777 1699 1044 1751 pontificatus
1075 1699 1302 1737 Innocentii
1328 1699 1384 1736 VI
1410 1698 1565 1748 reperio
1595 1712 1687 1736 eum
1713 1697 1775 1735 dic

76 1758 254 1797 secunda
278 1772 418 1797 nonar.
443 1766 563 1796 mart.
589 1759 832 1797 concessisse
854 1759 1061 1797 Bernardo
1085 1758 1274 1809 episcopo
1298 1758 1478 1807 Aquensi
1501 1757 1562 1794 uti
1581 1757 1616 1795 ei
1638 1756 1774 1794 liceret

75 1818 307 1867 sepulcrum
329 1817 579 1855 dominicum
601 1825 641 1855 et
662 1817 740 1855 alia
763 1817 939 1855 oratoria
960 1818 1105 1855 Terrae
1127 1817 1300 1855 Sanctae
1326 1816 1592 1866 personaliter
1609 1815 1774 1853 visitare

77 1890 156 1914 una
179 1890 272 1914 cum
293 1876 460 1925 triginta
481 1876 662 1925 personis
690 1890 789 1926 quas
811 1876 863 1914 ad
884 1877 958 1914 hoc
981 1876 1146 1913 duceret
1166 1875 1369 1924 eligendas
1388 1876 1415 1914 ³².
1450 1875 1580 1922 Quare
1613 1882 1776 1923 oportet

76 1943 150 1973 aut
185 1935 291 1973 hunc
326 1935 581 1973 Bernardum
618 1934 677 1972 bis
724 1935 921 1985 cogitasse
957 1935 1005 1973 de
1041 1934 1183 1972 itinere
1222 1933 1607 1982 Hierosolymitano‚
1644 1932 1774 1982 primo

78 1994 244 2044 quidem
268 1994 343 2031 sub
363 1993 583 2041 Clemente,
610 1993 754 2032 deinde
780 1994 855 2031 sub
878 1994 1129 2039 Innocentio,
1150 2001 1223 2030 aut
1246 1992 1360 2030 illum
1385 1992 1455 2042 qui
1477 1992 1684 2042 profectus
1714 1999 1775 2029 est

77 2053 154 2090 sub
181 2053 419 2091 Innocentio
442 2052 648 2091 diversum
671 2068 756 2091 esse
778 2067 800 2090 a
822 2053 1029 2091 Bernardo
1053 2052 1100 2090 de
1125 2052 1305 2101 Liposca,

131 2111 328 2161 Ejusdem
355 2111 801 2151 Guillelmi.ca1·dinalis
829 2126 953 2161 nepos
979 2111 1058 2149 fuit
1084 2111 1207 2148 etiam
1233 2110 1572 2147 Bartholomaeus
1596 2109 1644 2146 de
1670 2108 1774 2157 Vey-

78 2170 153 2208 ries
182 2170 431 2217 domicellus,
462 2184 582 2220 quem
610 2170 694 2220 ipse
722 2171 763 2208 in
791 2185 863 2208 suo
891 2177 1142 2208 testamento
1170 2168 1386 2207 substituit
1414 2168 1555 2206 ceteris
1586 2175 1774 2206 executo-

78 2317 247 2355 'rhomam
276 2323 302 2350 t.
332 2330 371 2350 1v
406 2317 539 2361 (1926),
567 2329 602 2361 p.
629 2317 802 2351 385-403.
832 2337 880 2340 —
900 2318 970 2351 Sur
990 2318 1021 2350 le
1053 2316 1219 2350 cardinal
1242 2317 1284 2348 de
1317 2315 1440 2349 Godin
1467 2315 1514 2347 Μ.
1549 2312 1729 2347 Fournier
1750 2325 1770 2346 a

77 2371 201 2415 publie
222 2383 293 2404 une
309 2373 511 2404 excellente
528 2372 640 2404 etudc
660 2383 745 2404 sous
763 2372 793 2404 le
810 2371 896 2404 titre
914 2371 962 2404 Le
978 2370 1144 2404 cardinal
1165 2369 1374 2402 Gaillaume
1391 2369 1431 2401 de
1447 2368 1561 2411 Peyre
1578 2368 1618 2400 de
1640 2367 1769 2400 Godin,

78 2425 170 2457 dans
200 2425 231 2457 le
261 2425 394 2457 rccueil
424 2425 508 2464 cite,
540 2437 574 2468 p.
605 2420 775 2458 100-121.
807 2424 855 2458 Μ.
886 2424 996 2457 Vidal
1025 2435 1045 2456 a
1078 2423 1250 2466 imprime
1284 2433 1355 2454 une
1391 2422 1500 2454 lettre
1530 2421 1579 2452 du
1604 2419 1771 2453 cardinal

81 2478 138 2519 (22
163 2478 253 2510 aosst
278 2478 382 2520 1320)
412 2479 503 2510 dans
528 2477 694 2511 Biillaire
725 2479 765 2511 de
791 2477 1045 2520 l'Inquisi‘tion
1075 2476 1254 2516 francaise
1282 2486 1332 2507 aa
1360 2472 1476 2506 XIVe
1504 2473 1618 2511 siecle,
1650 2484 1684 2516 p.
1712 2473 1768 2505 7¹1.

78 2530 167 2563 Voir
190 2542 252 2563 sur
280 2530 491 2564 Guillaume
521 2532 564 2563 de
594 2530 728 2565 (jodin.
753 2530 880 2569 Finke,
910 2530 1003 2563 Acta
1020 2529 1289 2572 Aragonensia,
1312 2534 1337 2560 t.
1368 2539 1391 2566 1,
1413 2539 1447 2570 p.
1472 2527 1551 2565 206,
1578 2526 1659 2565 381,
1682 2531 1708 2558 t.
1728 2537 1766 2564 11,

79 2595 113 2626 p.
135 2584 214 2622 616,
237 2584 317 2623 675,
338 2585 418 2617 826.

128 2637 160 2670 1.
186 2637 351 2669 Bernard
376 2637 418 2669 de
443 2636 594 2680 Lipossc
619 2636 810 2680 possedait
833 2635 1121 2669 l'archidiacone
1147 2633 1303 2667 d’Aunis
1339 2644 1383 2665 en
1415 2631 1617 2674 Saintonge
1642 2630 1771 2674 depuis

79 2689 111 2721 le
132 2690 151 2722 7
172 2690 383 2732 septembre
404 2690 497 2723 1316
521 2689 677 2732 (Mollat‚
700 2701 734 2722 n.
757 2690 854 2732 318).
879 2689 908 2721 Il
928 2688 988 2721 fut
1008 2689 1158 2721 nomme
1179 2688 1319 2729 eveque
1342 2686 1385 2718 de
1408 2685 1491 2718 Dax
1511 2685 1542 2717 le
1563 2685 1607 2717 19
1627 2683 1774 2727 janvier

78 2742 171 2775 1327
194 2742 348 2784 (MoHat,
367 2754 402 2776 n.
422 2742 567 2786 27597).
587 2742 661 2775 Son
679 2743 939 2786 predecesseur
956 2741 1082 2774 Garsie
1100 2740 1255 2772 Arnaud
1273 2739 1316 2771 de
1334 2737 1533 2781 Caupenne
1551 2739 1658 2770 etant
1674 2742 1772 2769 mort

80 2794 110 2827 le
133 2796 153 2828 8
173 2795 320 2838 janvier
340 2796 444 2835 1327,
467 2796 564 2828 Jean
586 2795 705 2828 XXII
728 2796 854 2828 donna
875 2801 958 2827 tous
980 2794 1030 2826 les
1052 2793 1155 2826 biens
1179 2793 1227 2824 du
1250 2791 1384 2825 desunt
1405 2802 1452 2823 au
1474 2790 1609 2823 nouvel
1631 2790 1771 2832 eveque

79 2847 144 2890 qui
161 2854 226 2880 eut
243 2848 439 2892 beaucoup
458 2849 501 2881 de
520 2848 626 2892 peine
645 2848 666 2880 a
684 2854 808 2881 entrer
825 2859 871 2880 en
888 2846 1096 2891 possession
1119 2844 1273 2888 (Mollat,
1293 2855 1328 2877 n.
1347 2844 1465 2876 41246
1483 2848 1520 2876 et
1538 2842 1683 2884 42402).
1703 2841 1773 2874 Sur

81 2900 246 2933 Bernard
275 2901 318 2933 de
349 2901 500 2944 Liposse
530 2900 610 2934 voir
639 2902 681 2934 A.
714 2901 862 2944 Degert,
892 2900 1055 2933 Histoire
1087 2900 1146 2932 des
1171 2899 1314 2940 eweques
1343 2897 1383 2930 de
1405 2896 1499 2935 Dax,
1530 2895 1643 2935 Paris,
1666 2895 1770 2934 1903,

78 2964 113 2996 p.
142 2953 310 2987 161-171.

129 3007 160 3039 2.
187 3006 333 3045 Baluze,
361 3013 386 3040 t.
410 3018 460 3045 111,
487 3019 520 3050 p.
548 3007 667 3039 91-94.

128 3060 161 3092 3.
181 3059 327 3098 Baluze,
349 3065 374 3092 t.
393 3071 443 3098 111,
464 3071 497 3103 p.
518 3059 588 3092 120
609 3059 738 3103 (bullcs
758 3059 807 3091 du
826 3059 846 3092 6
865 3070 963 3091 mars
983 3057 1101 3100 1358).

733 3141 894 3164 BALUZE.
919 3149 959 3153 —
987 3131 1033 3163 II.
1054 3148 1093 3153 —
1117 3132 1137 3161 6
