2083 3458
281 191 360 233 732
482 192 484 195 ’
927 205 1079 231 NOTAE
1113 205 1174 230 AD
1208 204 1336 230 VITAs
1840 186 1982 244 [1464]

279 289 378 328 inter
404 305 443 327 se
470 298 504 343 et
530 290 711 327 dicebant
739 289 840 339 quod
866 288 1067 338 penitebat
1092 301 1155 324 eos
1183 287 1279 325 mali
1305 287 1402 337 facti
1440 288 1482 325 in
1516 288 1693 337 fractura
1720 287 1930 336 conclavis,
1958 293 1994 324 et

277 350 449 387 aliorum
481 362 812 399 quorumcumque
844 355 1157 397 perpetratorum
1188 361 1257 396 per
1288 361 1363 385 eos.
1392 347 1678 386 Paenitentiae
1708 348 1995 387 Romanorum

277 409 531 448 mentionem
559 408 627 445 alii
656 422 820 458 quoque
848 407 993 453 fecere,
1022 407 1063 444 in
1091 406 1232 457 primis
1260 421 1358 444 vero
1386 407 1513 445 frater
1542 408 1722 445 Joannes
1752 406 1992 446 monasterii

278 469 419 506 Sancti
442 468 587 506 Isidori
609 466 879 518 HispalensiS,
900 466 970 516 qui
988 466 1267 516 interrogatus
1288 481 1410 517 super
1424 467 1598 505 articulo
1617 467 1666 504 82
1687 481 1804 505 635115
1824 465 1995 505 secundi

277 528 395 566 electi
423 528 524 565 dixit
540 527 555 549 1
583 528 684 577 quod
709 526 866 564 audivit
886 526 936 564 ab
960 526 1167 576 aliquibus
1197 526 1392 576 Yspanis,
1421 527 1465 564 de
1487 527 1632 576 quibus
1653 541 1732 563 non
1755 525 1991 572 recordatur,

278 588 379 637 quod
396 587 608 625 audierant
627 602 651 625 a
670 586 858 637 pluribus
877 585 1073 623 Romanis
1094 586 1196 635 quod
1213 585 1414 635 penitebat
1433 600 1495 623 eos
1517 586 1735 636 injuriasse
1755 585 1992 632 cardinales,

278 647 485 685 asserendo
515 647 617 696 quod
646 645 884 684 dubitabant
914 646 1015 695 quod
1043 645 1171 682 Roma
1200 653 1297 683 esset
1325 654 1484 695 propter
1513 646 1581 683 boc
1612 646 1755 683 iterum
1784 646 1992 683 destructa.

279 707 459 744 Joannes
488 705 663 755 Remigii
689 706 736 744 de
764 706 965 752 Guzman,
992 704 1305 743 archidiaconus
1333 705 1397 743 del
1423 705 1543 743 Alcor
1567 705 1609 743 in
1641 704 1821 743 Ecclesia
1848 705 1994 743 Palen-

277 765 380 813 tina,
401 765 506 803 dixit
525 765 567 803 in
586 780 658 803 sua
679 764 936 815 depositione
956 764 1163 802 audivisse
1183 779 1223 802 se
1245 763 1323 802 dici
1343 764 1406 802 die
1426 764 1616 815 sequenti
1634 773 1729 815 post
1748 764 1993 803 electionem

279 825 436 863 Urbani
454 826 556 875 quod
570 825 771 875 penitebat
786 825 988 862 Romanos
1006 825 1049 861 de
1066 824 1147 861 hiis
1165 838 1236 874 que
1251 824 1425 873 fecerant
1440 832 1475 861 et
1495 824 1678 862 dixerant
1705 833 1839 862 contra
1863 823 1992 862 cardi-

278 886 399 932 nales,
421 893 455 922 et
476 884 644 922 itwicem
664 884 955 933 redarguebant
973 898 1012 921 se
1033 884 1077 921 cle
1099 883 1194 922 illis.
1218 884 1458 922 Fernandus
1482 883 1607 931 Petri,
1629 884 1808 922 decanus
1831 883 1992 922 Tiraso-

276 944 426 991 nensis,
449 944 728 994 interrogatus
752 958 874 994 super
896 943 1071 981 articulo
1094 943 1144 981 82
1168 957 1284 981 635115
1308 943 1478 982 secundi
1500 943 1619 982 electi
1643 943 1749 981 dixit
1768 943 1783 965 2
1808 958 1848 982 se
1875 942 1990 981 audi-

276 1004 382 1042 visse
404 1018 425 1041 a
450 1004 633 1051 Nicolao,
656 1004 823 1042 doctore
844 1004 995 1053 legum,
1018 1002 1104 1041 cive
1126 1017 1311 1051 romano,
1333 1004 1436 1053 quod
1463 1003 1618 1053 aliquos
1651 1003 1770 1040 bonos
1789 1003 1995 1041 Romanos

276 1072 309 1101 et
337 1064 472 1114 ipsum
499 1063 701 1114 penitebat
727 1064 771 1101 de
798 1062 878 1100 hiis
907 1077 977 1113 que
1002 1060 1109 1112 facta
1134 1062 1295 1112 fuerant
1321 1062 1611 1100 cardinalibus.
1644 1062 1868 1101 Rodericus
1899 1063 1992 1100 Fer-

277 1123 418 1171 nandi,
444 1122 722 1173 portionarius
751 1122 956 1160 Ecclesiae
985 1122 1255 1172 Hispalensis,
1275 1122 1553 1172 interrogatus
1579 1137 1701 1173 super
1725 1122 1870 1161 eodem
1895 1122 1994 1160 arti-

278 1183 368 1221 culo
391 1183 455 1229 82,
475 1182 576 1220 dixit
589 1180 724 1233 3'quod
744 1182 901 1220 audivit
917 1182 967 1220 ab
986 1182 1192 1231 aliquibus
1208 1181 1432 1220 curialibus
1449 1182 1551 1232 quod
1571 1182 1773 1232 penitebat
1790 1182 1992 1219 Romanos

277 1243 449 1280 rumoris
464 1243 550 1292 jam
565 1242 676 1291 sacti,
695 1250 729 1279 et
746 1243 848 1293 quod
866 1241 952 1292 ipse
969 1241 1125 1279 audivit
1142 1242 1191 1279 ab
1209 1241 1416 1291 aliquibus
1434 1242 1629 1279 Romanis
1649 1257 1656 1279 :
1675 1242 1768 1279 Heu
1787 1241 1867 1279 me!
1885 1241 1993 1292 Quid

276 1302 469 1351 fecimus?
486 1302 673 1339 Fecimus
692 1302 968 1339 verecundiam
996 1301 1285 1339 cardinalibus.
1306 1302 1473 1351 Propter
1492 1302 1594 1352 quod
1610 1301 1759 1339 erimus
1778 1301 1962 1339 destructi
1983 1317 1990 1338 :

277 1362 371 1411 quia
400 1362 435 1399 si
465 1362 787 1411 permisissemus
817 1375 879 1398 eos
907 1361 1034 1410 jacere
1063 1362 1115 1398 ad
1142 1375 1259 1398 suam
1288 1362 1540 1408 voluntatem,
1572 1375 1642 1398 nos
1670 1375 1844 1398 essemus
1877 1360 1993 1398 beati.

277 1422 327 1459 Et
351 1421 532 1459 dicebant
557 1422 659 1459 ultra
685 1437 692 1459 ε
719 1421 805 1458 Ηο6
830 1421 945 1458 nobis
968 1421 1143 1469 fecerunt
1167 1421 1427 1468 montanarii,
1455 1429 1495 1458 ut
1518 1421 1760 1471 compleatur
1782 1410 1993 1471 propbetia

277 1496 353 1530 qua
375 1481 521 1518 dicitur
541 1482 643 1531 quod
662 1481 791 1518 Roma
811 1480 885 1518 erit
904 1481 1110 1519 destructa.
1134 1481 1186 1518 Et
1205 1480 1274 1517 boc
1295 1480 1439 1518 accidit
1459 1489 1618 1530 propter
1637 1480 1853 1530 pecuniam
1874 1494 1993 1530 quam

277 1541 381 1578 dedit
407 1541 532 1578 abbas
560 1540 704 1578 montis
732 1540 898 1578 Cassini
925 1548 959 1577 et
982 1540 1058 1577 alii
1085 1537 1400 1589 sanguinolenti,
1429 1540 1497 1590 qui
1524 1541 1712 1578 dederunt
1739 1540 1932 1590 pecunias
1958 1547 1993 1577 et

277 1601 425 1638 raubas
454 1600 662 1638 Romanis.
696 1600 840 1637 Frater
871 1600 1015 1638 Petrus
1047 1599 1095 1637 de
1127 1599 1437 1649 Guadalfayara
1466 1600 1509 1637 in
1538 1614 1611 1638 sua
1646 1599 1904 1650 depositione
1935 1599 1992 1638 sic

278 1668 458 1698 testatus
480 1668 541 1698 est
560 1659 576 1682 4
611 1676 618 1697 ε
644 1660 742 1697 Item
761 1659 900 1697 audivi
922 1659 1001 1697 dici
1022 1660 1124 1709 quod
1142 1659 1277 1697 statim
1299 1659 1389 1709 ipsa
1410 1668 1516 1697 nocte
1536 1659 1708 1697 rumoris
1739 1659 1798 1696 vel
1814 1658 1991 1709 sequenti

277 1719 339 1757 die
372 1719 603 1769 penitebant
635 1719 763 1769 aliqui
798 1719 1072 1756 Romanorum
1104 1727 1263 1769 propter
1296 1733 1342 1756 ea
1376 1733 1446 1769 que
1478 1719 1663 1768 fecerant,
1699 1726 1733 1756 et
1766 1718 1948 1757 dicebant
1982 1733 1991 1756 ι

278 1779 424 1816 illiseri
456 1793 539 1826 nos,
572 1793 651 1816 non
679 1793 820 1816 sumus
851 1778 965 1828 digni
999 1779 1109 1816 bonO.
1143 1779 1287 1816 Frater
1318 1779 1526 1816 Ferrarius
1558 1779 1606 1816 de
1638 1778 1805 1828 Vergos,
1838 1777 1990 1816 ordinis

276 1838 454 1877 fratrum
489 1838 708 1885 Minorum,
743 1838 1022 1888 interrogatus
1058 1852 1180 1888 super
1215 1837 1397 1888 capitulo
1431 1838 1481 1876 82
1517 1852 1633 1876 casus
1669 1837 1839 1876 secundi
1873 1836 1993 1876 electi

277 1898 378 1935 discit
395 1898 410 1920 5
431 1912 504 1948 quo
525 1898 609 1948 ipse
627 1898 783 1935 audivit
800 1913 824 1935 a
843 1899 1013 1947 quodam
1031 1897 1311 1944 barbitonsore,
1326 1906 1361 1935 et
1379 1898 1444 1935 ille
1462 1897 1542 1935 sibi
1561 1897 1745 1947 exposuit
1757 1897 1860 1948 quod
1878 1896 1992 1934 multi

277 1957 349 1995 alii
368 1957 543 1995 Romani
561 1957 641 1994 sibi
661 1958 843 1995 dixerant
861 1958 963 2007 quod
980 1957 1211 2007 penitebant
1227 1972 1362 1995 eorum
1380 1972 1450 2007 que
1466 1957 1651 2006 fecerant.

335 2017 480 2066 Itaque
510 2031 603 2055 cum
631 2017 776 2055 statim
804 2025 899 2067 post
928 2017 1172 2055 electionem
1203 2016 1360 2055 Urbani
1390 2016 1590 2055 distracta
1619 2016 1660 2054 in
1688 2015 1823 2054 varias
1853 2024 1993 2066 partes

278 2085 413 2114 essent
428 2076 644 2115 hominum
658 2076 828 2126 judicia,
844 2076 1049 2126 plerisque
1069 2076 1331 2115 censentibus
1353 2076 1467 2114 illam
1487 2084 1707 2127 propterea
1729 2076 1886 2114 nullam
1907 2090 1992 2113 esse

278 2135 374 2185 quia
395 2136 504 2174 facta
522 2136 656 2174 suerat
671 2151 742 2186 per
760 2136 845 2175 vim
867 2150 913 2173 ac
936 2145 1109 2183 metum,
1135 2136 1223 2174 aliis
1239 2136 1488 2186 putantibus
1508 2151 1592 2174 esse
1613 2135 1798 2173 validam
1816 2135 1926 2185 quia,
1944 2143 1993 2172 ut

277 2194 354 2245 ipsi
370 2195 552 2239 aiebant,
570 2195 737 2233 sedatus
754 2195 899 2233 statim
915 2195 1051 2233 fuerat
1062 2195 1270 2233 tumultus
1283 2204 1378 2245 post
1391 2210 1482 2235 eam
1497 2203 1712 2246 peractam
1739 2203 1780 2233 et
1807 2194 1991 2244 publica—

276 2263 378 2302 tam,
408 2254 645 2304 quaesivere
673 2264 817 2304 postea
845 2254 922 2292 viri
943 2269 1043 2305 quos
1066 2270 1136 2293 rex
1160 2255 1361 2293 Castellae
1381 2255 1550 2294 miserat
1576 2255 1628 2292 ad
1655 2253 1993 2303 investigandam

278 2313 499 2353 veritatem
523 2329 576 2351 an
601 2315 722 2352 Rome
746 2315 908 2364 aliquod
932 2329 1113 2352 murmur
1137 2315 1194 2352 vel
1217 2314 1387 2352 dubium
1409 2329 1530 2364 super
1554 2314 1658 2351 dicta
1681 2313 1864 2351 electione
1887 2321 1991 2363 post—

279 2388 397 2422 quam
411 2373 635 2411 cardinales
657 2373 802 2422 egressi
832 2382 926 2411 sunt
949 2374 1128 2411 conclave
1149 2373 1347 2411 emerserit
1370 2380 1404 2410 et
1425 2374 1596 2424 quando,
1619 2381 1653 2411 et
1668 2372 1765 2422 quid
1788 2373 1992 2410 dicebatur

277 2446 397 2482 super
427 2433 508 2479 boc,
537 2441 571 2470 et
596 2448 620 2470 a
648 2433 806 2483 quibus,
831 2442 878 2470 ut
906 2433 1056 2482 legitur
1076 2433 1090 2456 ⁶
1116 2433 1157 2470 in
1186 2447 1282 2471 casu
1298 2432 1417 2471 electi
1445 2431 1614 2471 secundi
1642 2431 1774 2470 diviso
1793 2446 1866 2482 per
1892 2431 1989 2469 arti-

279 2492 404 2529 culos.
423 2492 485 2529 Ad
504 2506 629 2541 quam
644 2492 1014 2542 interrogationem
1039 2492 1096 2530 ita
1127 2492 1342 2543 respondit
1359 2493 1373 2515 ⁷
1393 2492 1520 2530 frater
1537 2493 1682 2530 Petrus
1700 2490 1991 2538 Cordubensis,

279 2552 504 2589 inonachus
537 2552 678 2589 Sancti
706 2552 1015 2590 Bartholomaei
1046 2552 1093 2590 de
1125 2552 1326 2602 Lupiana,
1357 2566 1406 2589 ex
1435 2551 1648 2599 relatione,
1677 2559 1725 2588 ut
1752 2550 1838 2601 ipse
1868 2550 1991 2600 profi-

278 2618 404 2657 tetur,
425 2611 583 2648 Alfonsi
600 2611 796 2650 eremitae
815 2607 911 2650 olim
929 2611 1110 2662 episcopi
1125 2610 1367 2650 Giennensis
1384 2628 1390 2649 :
1410 2612 1681 2660 Interrogatus
1694 2624 1814 2660 super
1828 2610 1994 2647 LXXX

391 2762 457 2794 Ms.
484 2763 568 2801 cite,
594 2762 657 2795 fol.
684 2763 753 2796 ‘198
779 2767 829 2795 νο.

391 2816 456 2847 Μ5.
487 2816 571 2853 cite,
601 2816 663 2848 fol.
694 2817 763 2848 244
790 2820 841 2848 v0.

391 2868 456 2901 ΜΞ.
491 2869 574 2907 cite,
607 2869 668 2902 sol.
703 2870 772 2901 200
802 2874 845 2902 r0.

390 2921 457 2953 Ms.
485 2922 568 2957 cite,
595 2922 657 2954 fol.
684 2923 753 2955 100
779 2927 829 2955 v0.

390 2974 456 3006 Ms.
487 2975 569 3013 cite,
599 2975 660 3008 sol.
690 2975 760 3007 2194
788 2981 838 3008 v0.

353 3054 358 3059 .
391 3027 456 3059 Ms.
485 3028 568 3065 cite,
595 3028 657 3060 sol.
684 3030 728 3061 33
754 3034 796 3061 ΓΟ.

351 3106 356 3111 .
390 3080 454 3112 Ms.
482 3081 565 3119 cite,
592 3081 652 3114 fol.
680 3082 744 3113 ‘221
774 3087 823 3115 νο.

327 2762 346 3057 :cibo-³10*-

326 3081 343 3111 x]
