2083 3458
161 212 285 268 [684]
687 230 903 256 PAPARUM
940 231 1323 258 AVENlONENsmM
1769 217 1845 256 171

145 325 343 349 successor
372 325 484 358 suus,
518 312 723 360 quemdam
754 313 974 362 prioratum
1005 314 1161 352 abbatie
1193 314 1416 364 llloyssiaci
1448 314 1730 352 commendavit
1761 329 1844 364 per-

147 379 274 421 petuo,
310 377 386 408 etc.

202 429 412 467 Habemus
434 442 529 478 prae
551 429 739 467 manibus
764 438 918 468 veteres
940 431 1109 469 schedas
1131 446 1224 469 mss.
1247 432 1289 469 in
1310 432 1457 481 quibus
1480 432 1713 470 continetur
1735 432 1844 469 hulla

147 488 317 526 Joannis
344 487 472 524 XXII
498 487 546 525 de
571 487 813 526 fundatione
838 489 1021 539 ejusdem
1046 490 1201 539 collegii
1220 492 1246 538 ¹,
1271 491 1370 529 item
1402 491 1539 529 literas
1562 491 1576 513 '2
1602 490 1709 528 Petri
1744 491 1844 529 Tex-

145 547 244 585 toris
263 546 478 584 cardinalis
495 546 547 584 ad
565 546 738 585 decanos
756 555 797 585 et
814 548 994 598 capitula
1010 549 1281 587 Ecclesiarum
1296 550 1464 588 Usestae
1480 558 1520 587 et
1532 549 1844 588 Vinhandraudi

145 606 194 644 de
224 605 418 656 pensione
448 619 584 643 annua
617 606 855 655 octuaginta
885 607 1082 644 librarum
1112 609 1395 646 turonensium
1426 609 1673 658 praestanda
1705 623 1843 646 mona-

144 665 229 703 chis
259 664 626 713 Moyssiacensibus
662 665 924 703 studentibus
954 666 1122 704 Tolosae
1160 681 1280 717 super
1309 667 1509 705 fructibus
1547 675 1588 705 et
1616 667 1844 705 redditibus

145 724 349 774 prioratus
374 723 547 761 Sanctae
567 723 770 767 Gavellae.
790 724 896 761 Olim
912 725 1116 774 prioratus
1137 725 1201 764 ille
1220 726 1340 764 datus
1361 726 1495 764 fuerat
1513 726 1713 764 Ecclesiae
1729 726 1844 764 Tolo-

144 796 281 822 sanae.
306 782 409 820 Dein
429 782 617 820 monachi
639 782 676 821 S.
700 782 906 821 Michaelis
928 784 976 821 de
997 784 1115 822 Clusa
1136 784 1249 821 illum
1270 785 1516 824 habuerunt.
1540 785 1684 823 Nescio
1705 793 1843 822 autem

146 841 353 892 quomodo
374 841 598 888 amiserint⁷
620 841 652 879 si
673 849 813 879 tamen
834 843 1072 882 amiserunt.
1095 843 1196 881 Vide
1219 844 1433 891 Catellum,
1455 858 1493 893 p.
1517 843 1606 891 875,
1629 844 1843 881 lllemoria-

146 915 233 938 rum
266 900 468 938 Historiae
501 899 739 938 Occitaniae.
776 901 964 938 Castrum
999 902 1047 940 de
1091 902 1240 940 Sancta
1283 903 1436 941 Gavela
1472 903 1729 941 Raimundus
1765 903 1843 940 VII

144 974 278 998 comes
301 959 524 997 Tolosanus
547 959 647 997 emit
668 973 775 997 anno
798 960 1102 1008 MCCXLVIII,
1125 961 1188 999 die
1210 976 1267 998 ΧΠ
1289 961 1465 1011 augusti,
1488 975 1510 999 a
1530 962 1738 999 Bernarda
1764 961 1843 999 filia

146 1018 355 1069 quondam
378 1018 555 1067 Aycardi
580 1019 627 1056 de
652 1019 688 1056 S.
715 1019 881 1066 Gavela7
909 1020 1038 1057 Extat
1060 1020 1381 1059 instrumentum
1406 1016 1664 1060 ⁴venditionis.

199 1078 239 1115 P.
265 1078 326 1124 77,
347 1077 411 1127 lig.
437 1076 496 1115 16.
520 1078 613 1115 CUM
635 1092 731 1114 ALIA
754 1092 894 1125 cunm,
929 1093 1009 1116 non
1041 1086 1181 1116 tamen
1212 1079 1383 1128 integra,
1405 1087 1452 1116 ut
1481 1079 1655 1117 videtur.
1685 1079 1843 1129 Quippe

143 1152 194 1175 ex
223 1136 512 1174 Commentario
542 1136 705 1185 Aegida
736 1136 989 1184 Bellamerae‚
1019 1137 1060 1175 in
1091 1152 1178 1187 cap.
1212 1138 1256 1176 Si
1286 1138 1490 1185 transitus,
1522 1138 1615 1177 dist.
1644 1138 1842 1184 LXXIX,

140 1195 274 1246 colligi
302 1203 438 1245 potest
466 1203 546 1233 tres
574 1203 740 1233 tantum
769 1196 991 1233 cardinales
1021 1196 1141 1234 fuisse
1162 1197 1272 1246 apud
1295 1197 1668 1246 Carpentoractem‚
1689 1205 1843 1235 ceteros

143 1255 264 1293 fuisse
289 1255 332 1293 in
355 1255 454 1292 urbe
479 1254 768 1301 Avenionensi‚
794 1269 875 1292 uno
900 1263 1072 1305 excepto
1097 1256 1166 1305 qui
1190 1256 1301 1306 apud
1326 1256 1565 1293 Arausicam
1589 1256 1840 1294 morabatur.

144 1314 337 1352 Erratum
369 1321 509 1351 autem
541 1322 602 1351 est
633 1313 744 1363 apud
776 1313 1006 1363 Aegidium,
1039 1314 1141 1352 vitio
1173 1315 1284 1352 haud
1317 1314 1437 1352 dubie
1469 1314 1739 1361 librariorum,
1773 1314 1843 1352 ubi

141 1373 343 1423 scriptum
379 1380 440 1411 est
475 1373 598 1411 fuisse
633 1373 674 1410 in
698 1386 811 1410 sacro
836 1373 1001 1422 collegio
1026 1374 1216 1411 XXVIII
1239 1373 1462 1411 cardinales
1484 1388 1530 1411 eo
1556 1381 1739 1423 tempore
1761 1369 1842 1423 qu'o

143 1432 325 1470 Clemens
339 1432 371 1468 V
385 1440 571 1469 mortuus
585 1440 658 1470 est.
675 1432 803 1469 Erant
817 1432 923 1469 enim
940 1432 1086 1470 XXIV
1099 1440 1277 1470 tantum.
1291 1433 1391 1470 Cum
1404 1446 1496 1481 ergo
1510 1447 1559 1469 ex
1576 1432 1840 1482 scriptoribus

142 1491 288 1529 horum
317 1499 550 1541 temporum
580 1498 740 1528 constet
762 1491 914 1528 XXIII
930 1490 945 1513 ³
971 1499 1133 1529 tantum
1158 1491 1280 1529 fuisse
1303 1491 1502 1540 ingressos
1521 1491 1712 1529 conclave
1730 1491 1839 1541 apud

143 1551 520 1600 Carpentoractem,
546 1558 720 1600 apparet
744 1550 957 1588 absentem
983 1565 1075 1588 eum
1101 1550 1223 1588 fuisse
1250 1550 1319 1599 qui
1343 1558 1431 1588 erat
1455 1550 1566 1600 apud
1588 1550 1839 1588 Arausicam.

190 1711 221 1743 1.
251 1710 399 1749 Baluzc,
419 1716 445 1743 t.
463 1722 513 1749 111,
532 1721 567 1754 p.
588 1710 667 1742 245.

190 1764 221 1796 2.
252 1763 399 1802 Baluzc,
427 1769 454 1796 t.
480 1775 531 1802 111,
558 1775 593 1807 p.
620 1763 701 1796 371.

188 1818 221 1850 3.
244 1816 312 1849 Les
334 1816 540 1849 cardinaux
561 1816 625 1860 qui
645 1818 839 1849 cntrerent
859 1828 905 1848 au
927 1817 1102 1849 conclave
1125 1816 1267 1849 etaient
1288 1827 1334 1849 au
1356 1816 1510 1848 nombre
1533 1816 1576 1848 de
1609 1815 1837 1859 vingt-trois,

138 1881 202 1903 car
224 1870 325 1902 Luca
348 1869 491 1902 Fieschi
513 1881 548 1902 se
572 1869 741 1902 trouvait
763 1881 808 1901 cn
833 1869 938 1902 Italic
962 1876 999 1902 et
1021 1881 1064 1902 ne
1087 1869 1211 1902 revint
1233 1869 1253 1901 a
1275 1869 1450 1911 Avignon
1473 1880 1544 1912 que
1566 1869 1597 1901 le
1622 1870 1663 1902 17
1686 1880 1839 1901 noveni-

139 1924 203 1956 bre
225 1923 330 1956 1316.
350 1923 422 1956 Die
443 1922 488 1955 21
510 1923 658 1966 augusti
678 1923 750 1966 suit
770 1924 979 1956 ordinatum
1001 1934 1063 1966 per
1077 1923 1263 1956 dominum
1286 1928 1449 1955 nostrum
1471 1923 1507 1955 in
1530 1923 1740 1955 consistorio
1760 1933 1838 1965 pre-

137 1976 302 2010 sentibus
319 1976 478 2010 dominis
494 1976 746 2009 cardinalibus
763 1977 857 2019 quod
873 1976 1041 2009 dominus
1058 1976 1176 2008 Lucas
1193 1976 1342 2008 abscens
1360 1975 1474 2008 nichil
1489 1976 1657 2018 reciperet
1675 1976 1714 2008 de
1730 1976 1838 2007 servi—

138 2030 202 2063 tiis
217 2040 369 2072 quorum
382 2029 556 2072 obligatio
571 2029 666 2072 sacta
681 2029 799 2072 suerat
814 2041 835 2062 a
852 2035 1006 2072 tempore
1021 2030 1145 2062 mortis
1161 2029 1300 2062 domini
1316 2028 1510 2061 Clementis
1525 2039 1621 2071 pape
1640 2028 1708 2061 Γ...
1730 2040 1838 2071 usque

139 2084 187 2116 ad
213 2084 307 2116 diem
342 2083 403 2116 sui
429 2083 603 2116 adventus
634 2082 681 2125 (J.
712 2082 750 2116 P.
783 2082 928 2120 Kirsch,
954 2083 1026 2115 Die
1046 2081 1412 2124 Finanzverwaltung
1433 2082 1491 2114 des
1513 2079 1837 2114 Kardinal-Jx'olle-

142 2137 274 2179 giums,
292 2135 470 2175 Monster,
490 2136 595 2175 1895,
613 2147 648 2179 p.
667 2136 739 2179 37).
756 2136 827 2169 Die
845 2135 891 2168 17
907 2135 1108 2169 novembris
1137 2135 1262 2178 [1316]
1284 2139 1427 2167 notatur
1442 2145 1623 2177 regressus
1638 2134 1837 2167 cardinalis

139 2189 260 2222 Lucae
276 2190 318 2223 de
335 2195 427 2222 terra
443 2200 513 2222 sua
532 2190 571 2222 in
597 2190 738 2222 curiam
760 2188 931 2231 (Clement
953 2189 995 2228 V,
1014 2188 1238 2232 Appendice,
1260 2199 1294 2231 p.
1316 2187 1411 2230 257).
1435 2187 1491 2219 En
1510 2187 1614 2226 1318,
1635 2187 1665 2219 le
1686 2199 1779 2230 pape
1800 2193 1836 2219 ct

139 2243 170 2275 le
188 2242 297 2275 Sacre
315 2242 458 2285 College
476 2241 690 2275 deciderent
707 2242 750 2274 de
768 2242 891 2285 priver
907 2242 1008 2274 Luca
1026 2240 1168 2273 Fiesclii
1185 2241 1228 2273 de
1245 2241 1280 2273 la
1296 2246 1381 2284 part
1397 2239 1461 2283 qui
1477 2240 1527 2272 lui
1543 2240 1711 2272 revenait
1727 2251 1789 2272 sur
1805 2240 1835 2272 le

139 2296 330 2340 paiement
355 2296 404 2328 du
430 2307 514 2328 cens
539 2295 697 2328 effectue
720 2307 814 2338 pour
837 2295 981 2328 l'annec
1007 2295 1100 2328 1316
1125 2306 1192 2338 par
1214 2294 1368 2331 Robert,
1391 2293 1445 2325 roi
1470 2293 1513 2325 de
1542 2293 1689 2336 Naples,
1710 2304 1774 2336 pro
1798 2304 1836 2326 eo

138 2349 233 2392 quod
252 2349 290 2382 in
308 2349 396 2391 festo
424 2354 631 2381 sanctorum
659 2348 899 2392 apostolorum
920 2348 1020 2381 Petri
1034 2352 1065 2380 et
1084 2347 1196 2380 Pauli
1216 2348 1256 2380 de
1271 2347 1362 2380 dicto
1381 2357 1477 2379 anno
1494 2345 1590 2379 1316
1605 2347 1772 2379 nundum
1790 2347 1838 2378 ad

138 2403 280 2436 curiam
300 2402 453 2435 redierat
477 2401 530 2443 (P.
554 2401 602 2434 M.
627 2401 894 2444 Baumgarten,
923 2401 1257 2443 Untersuchungen,
1282 2411 1316 2443 p.
1341 2399 1437 2442 109).
1459 2418 1508 2421 -
1529 2399 1691 2442 Jacques
1715 2398 1835 2431 Stefa-

139 2454 265 2488 neschi
286 2466 379 2487 nous
401 2454 544 2487 fournit
565 2455 627 2487 des
650 2454 782 2488 details
804 2454 1047 2487 interessants
1069 2465 1132 2486 sur
1152 2453 1303 2486 l'entre'e
1325 2464 1371 2485 en
1392 2452 1567 2485 conclave
1591 2464 1597 2484 :
1621 2451 1835 2485 Cardinales

142 2509 365 2542 intraverunt
387 2508 595 2540 clausuram
619 2507 883 2551 Carpentorati.
911 2507 958 2540 In
982 2508 1176 2545 vacatione,
1202 2510 1393 2548 antequam
1418 2506 1614 2549 procederet
1638 2505 1686 2537 ad
1707 2506 1834 2537 scruti-

139 2562 255 2601 nium,
275 2561 410 2594 habitis
428 2561 594 2594 consiliis
611 2561 878 2594 curicularibus
897 2566 927 2593 et
944 2560 1115 2593 omnibus
1132 2558 1448 2597 consentientibus,
1469 2559 1637 2591 dominus
1659 2557 1834 2590 Tuscula-

138 2626 220 2652 nus,
250 2615 313 2658 qui
341 2619 415 2647 erat
441 2614 612 2658 subprior
639 2615 902 2658 episcoporum,
923 2614 1074 2646 absolvit
1102 2613 1291 2645 (lominum
1318 2611 1527 2644 Ostiensem.
1556 2611 1603 2644 Et
1633 2611 1835 2643 immediate

138 2668 309 2701 dominus
331 2667 509 2700 Ostiensis
531 2668 740 2700 auctoritate
761 2663 902 2710 colleg'ii
925 2666 1077 2699 absolvit
1098 2676 1219 2698 omnes
1242 2664 1444 2697 cardinales
1466 2667 1645 2707 presentes
1667 2663 1713 2696 ab
1735 2664 1835 2696 omni

137 2721 314 2754 sententia
335 2721 718 2753 excommunicationis
747 2724 778 2752 et
798 2720 1053 2764 suspensionis
1070 2724 1101 2751 ct
1124 2717 1413 2760 irregularitatis.
1431 2717 1478 2750 Et
1497 2717 1550 2750 sic
1569 2716 1698 2759 jecerat
1718 2716 1835 2749 Biter-

139 2773 266 2812 rensis,
284 2772 473 2806 Ostiensis,
492 2773 539 2806 Et
553 2773 714 2806 scribens
731 2774 868 2806 dixerat
885 2774 924 2806 in
940 2777 1115 2816 quantum
1130 2776 1284 2814 potestas
1301 2769 1453 2813 Collegit
1468 2781 1505 2802 se
1520 2769 1735 2802 extendebat.

189 2826 280 2859 Item
298 2826 384 2859 lecta
400 2826 548 2869 suerunt
565 2826 641 2859 alia
657 2826 807 2869 singula
825 2837 891 2869 que
909 2826 949 2859 in
965 2825 1130 2858 electione
1146 2823 1306 2856 Romani
1323 2822 1510 2866 pontificis
1526 2821 1769 2855 observantur.
1789 2821 1836 2854 Et

138 2879 275 2913 habitis
286 2878 451 2913 consiliis
471 2879 738 2912 curicularibus
758 2879 930 2912 omnibus
950 2878 1088 2922 placuit
1107 2877 1202 2920 quod
1221 2876 1274 2909 sic
1291 2880 1517 2908 servarentur
1532 2880 1563 2908 et
1578 2876 1686 2908 etiam
1704 2875 1775 2908 scri
1781 2875 1834 2907 be-

153 2931 347 2975 [re]ntur...
373 2931 444 2965 Sed
463 2932 604 2966 addidit
624 2932 785 2965 scribens
815 2931 909 2974 quod
927 2935 1153 2964 servarentur
1179 2929 1390 2973 accipiendo
1420 2939 1472 2968 ea,
1497 2928 1559 2961 sed
1577 2939 1708 2961 sanum
1734 2927 1834 2961 intel-

140 2985 268 3018 lectum
288 2990 319 3017 et
337 2989 373 3018 ut
389 2985 539 3018 solitum
556 2989 630 3018 erat
645 2983 837 3018 observari.

186 3037 259 3071 Die
278 3038 363 3071 lune
385 3038 425 3071 in
444 3049 520 3071 sero
541 3038 622 3071 licet
641 3043 785 3081 possent
807 3037 952 3080 differre
974 3047 1083 3079 usque
1103 3036 1152 3068 ad
1171 3036 1266 3069 diem
1287 3035 1413 3068 martis
1437 3033 1476 3067 in
1496 3044 1629 3067 aurora
1653 3034 1704 3066 vel
1725 3034 1832 3073 circa,

140 3091 202 3124 sed
222 3085 305 3134 quov
324 3090 455 3134 majori
484 3091 672 3124 securitate
701 3090 860 3133 fecerunt
885 3089 1160 3133 (Bibliotheque
1184 3087 1410 3131 d’Avignon,
1434 3099 1502 3121 ms.
1526 3087 1631 3126 1706,
1657 3087 1682 3120 f.
1700 3087 1744 3120 26
1759 3086 1832 3129 r0).
