2083 3458
113 179 227 243 [849]
638 180 855 231 PAPAnoivi
890 204 1274 232 AVENIONENSIUM
1716 188 1797 230 357

102 287 341 338 presbytero
359 287 562 326 cardinale
579 287 690 325 tituli
708 288 951 326 Sanctorum
967 288 1085 326 Nerei
1102 297 1143 326 et
1161 288 1342 335 Achillei,
1362 303 1415 338 qu
1434 288 1587 326 iceteris
1606 287 1797 326 extinctis

103 346 348 396 subrogatus
374 346 521 393 fuerat,
547 347 795 385 auctoritate
822 347 1038 385 Clementis
1064 347 1144 384 VII
1164 348 1344 384 mutavit
1368 348 1514 394 locum,
1536 355 1797 395 mentemque

104 404 332 442 fundatoris
357 405 571 442 transtulit
595 405 647 443 ad
671 405 887 444 dioecesim
920 405 1265 451 Lemovicensem,
1290 406 1342 443 ad
1375 405 1583 444 ecclesian]
1608 405 1799 443 videlicet

103 463 399 514 parrochialem
425 463 563 502 Sancti
590 464 780 502 Germani
807 465 854 503 de
881 465 1023 502 Manso
1048 479 1201 511 sereno,
1228 464 1297 501 ubi
1323 465 1534 514 collegium
1558 464 1658 501 illud
1683 463 1796 501 insti-

104 530 244 561 tutum
267 522 359 569 fuit,
382 530 473 561 tum
495 522 621 561 etiam
644 523 765 561 datae
788 524 907 573 leges,
931 531 972 562 et
993 524 1154 573 regulae
1178 523 1402 561 secundum
1426 538 1525 572 quas
1550 522 1733 560 canonici
1756 530 1797 560 et

104 580 227 619 ceteri
257 580 445 619 viverent
461 580 488 619 1.
524 581 583 619 Ea
615 596 711 620 vero
744 582 879 620 onmia
911 590 1054 632 postea
1087 582 1349 620 confirmavit
1385 582 1644 619 Innocentius
1678 581 1796 628 VIII,

104 654 212 678 anno
247 640 656 687 MCCCCLXXXIV,
692 655 717 677 v
750 641 839 679 idus
875 641 1111 679 decembris.

162 699 206 736 In
221 698 364 735 Diario
383 698 397 720 2
422 699 591 737 Joannis
605 699 726 737 Fabri
750 699 927 750 episcopi
951 700 1210 738 Carnotensis
1234 699 1432 749 scriptum
1457 708 1517 737 est
1542 698 1796 737 Ludovicum

105 757 250 797 ducem
277 758 615 807 Andegavensem
642 772 706 797 an.
736 759 1084 797 MCCCLXXXII
1111 758 1174 796 die
1201 758 1357 796 veneris
1385 766 1500 796 sexta
1525 758 1628 807 junii
1654 772 1796 795 execu—

105 816 260 855 toribus
294 817 534 855 testamenti
561 817 775 855 cardinalis
801 817 1027 856 Tutelensis
1060 817 1285 856 restituisse
1313 817 1481 856 domum
1507 816 1797 854 Villanenovae

106 889 210 925 quae
241 875 375 913 fuerat
404 875 588 925 ejusdem
618 876 846 915 cardinalis.
882 876 978 914 Item
1009 891 1084 914 une
1114 876 1202 914 letre
1232 891 1306 926 par
1335 876 1496 926 laquelle
1525 875 1800 924 monseigneur

106 934 202 971 rend
225 934 347 972 l’ostel
372 935 415 972 de
446 934 692 982 Villeneuve,
710 935 776 985 qui
801 935 846 984 ju
872 951 925 973 αιι
959 935 1165 973 chardinal
1190 935 1233 972 cle
1262 935 1406 982 Tuane,
1434 949 1458 972 a
1481 948 1554 972 son
1586 933 1798 972 execution.

162 993 204 1031 P.
235 993 323 1040 243,
350 993 416 1043 lig.
446 993 480 1032 2.
512 994 653 1031 FILIUS
682 994 884 1032 ADEMARI
913 994 1067 1034 domini
1095 994 1143 1032 de
1172 994 1322 1032 Sancto
1344 994 1473 1041 Gallo,
1496 992 1612 1031 Saint
1634 993 1714 1040 Jal,
1743 1006 1799 1030 ΧΠ

109 1052 160 1090 Μ.
183 1052 225 1090 Ρ.
246 1066 268 1090 a
288 1052 445 1091 Tutela.
463 1053 590 1091 Vetus
606 1053 845 1091 membrana
863 1053 968 1091 illius
989 1053 1118 1103 gentis
1136 1052 1356 1090 :Dominus
1374 1052 1596 1090 Ademarus
1614 1051 1800 1099 Rotberti,

109 1111 232 1158 miles,
253 1119 362 1161 pater
384 1112 580 1161 quondam
600 1112 679 1161 fuit
695 1112 846 1149 domini
866 1112 1077 1150 Bertrancli
1095 1111 1267 1149 Rotberti
1288 1111 1439 1149 militis.
1462 1111 1516 1148 Et
1535 1111 1660 1161 paulo
1682 1118 1800 1160 post:

112 1169 208 1208 Item
224 1171 348 1208 tenuit
364 1170 568 1208 dominum
584 1171 840 1218 Ademarum,
856 1171 1016 1220 fratrem
1031 1185 1163 1218 suum,
1181 1171 1377 1221 quondam
1391 1170 1642 1216 cardinalem,
1660 1167 1804 1218 viginti

109 1237 143 1266 et
166 1229 262 1266 duos
285 1243 411 1267 annos
436 1230 478 1267 in
500 1230 642 1267 scholis
664 1238 698 1267 et
722 1230 855 1280 ipsum
876 1230 967 1279 fecit
990 1230 1179 1267 doctorari
1203 1230 1254 1267 acl
1275 1244 1369 1267 suas
1392 1229 1576 1279 proprias
1599 1242 1801 1278 expensas.

110 1288 398 1326 Vetustissima
422 1303 517 1338 gens
541 1297 582 1327 et
605 1289 868 1335 nobilissima,
895 1289 1010 1339 cujus
1039 1290 1146 1327 clara
1170 1289 1418 1327 documenta
1442 1295 1588 1326 extant
1618 1287 1659 1324 in
1682 1286 1804 1324 Char-

111 1347 268 1384 tulariis
300 1347 502 1386 Ecclesiae
535 1348 834 1386 Lemovicensis
866 1357 906 1386 et
937 1347 1279 1386 monasteriorum
1303 1346 1545 1394 Tutelensis,
1574 1344 1805 1384 Usercensis

111 1414 152 1444 et
167 1406 371 1444 Vosiensis
388 1421 410 1444 a
426 1414 609 1457 tempore
628 1407 792 1445 Henrici
807 1407 909 1457 regis
928 1407 1177 1445 Francorum
1192 1421 1320 1456 usque
1337 1406 1389 1444 ad
1407 1405 1577 1455 Eugenii
1593 1419 1723 1455 papae
1744 1404 1805 1441 ΙΙΙ

110 1465 416 1515 pontificatum.
444 1466 642 1516 Tempore
668 1466 776 1504 enim
804 1466 967 1504 Henrici
993 1466 1163 1504 vivebat
1189 1466 1371 1504 Asterius
1399 1466 1447 1503 de
1474 1465 1599 1511 Murc,
1622 1463 1676 1501 sic
1696 1463 1806 1500 haud

113 1524 234 1562 dubie
255 1532 427 1562 vocatus
448 1539 470 1562 a
490 1525 578 1563 loco
600 1525 648 1563 de
670 1520 783 1563 Mure
803 1525 881 1563 sito
903 1525 1006 1563 circa
1029 1533 1209 1563 castrum
1227 1524 1366 1563 Sancti
1387 1523 1513 1562 Galli:
1536 1522 1604 1573 qui
1624 1522 1665 1560 in
1686 1521 1806 1559 Char-

113 1583 256 1621 tulario
293 1583 497 1621 Usercensz'
529 1584 677 1622 dicitur
708 1599 792 1622 esse
822 1585 980 1634 positus
1013 1584 1056 1621 in
1083 1584 1207 1634 jutzia
1240 1583 1429 1621 Ademari
1460 1581 1629 1627 Roberti,
1662 1581 1702 1618 id
1733 1588 1808 1627 est,

112 1641 220 1680 intra
250 1642 446 1681 terminos
474 1642 767 1692 jurisdictionis
798 1643 982 1693 ejusdem
1013 1643 1218 1681 Ademari.
1251 1642 1409 1692 Quippe
1440 1641 1515 1679 viri
1545 1640 1697 1678 nobiles
1729 1654 1809 1677 non

114 1701 445 1751 dedignabantur
472 1716 544 1752 per
572 1716 638 1740 eas
662 1710 931 1752 tempestates
960 1702 1024 1752 jus
1055 1702 1185 1740 dicere
1215 1702 1256 1739 in
1285 1701 1398 1752 pagis
1429 1700 1503 1738 sibi
1534 1698 1757 1738 commissis
1788 1712 1810 1735 a

113 1760 353 1799 vicecomite
378 1760 447 1810 qui
469 1775 515 1799 ea
538 1761 625 1799 loca
648 1761 828 1811 regebat.
854 1761 1080 1800 Ademarus
1104 1776 1197 1810 ergo
1220 1775 1421 1811 pronepos
1446 1758 1607 1805 Asterii,
1631 1757 1692 1795 uti
1716 1771 1811 1795 mox

114 1819 308 1866 dicemus,
348 1828 519 1858 vocatus
559 1820 686 1867 miles·
710 1820 908 1858 Bernardi
947 1820 1197 1858 vicecomitis
1239 1818 1549 1858 Combornensis
1588 1817 1628 1854 in
1669 1816 1812 1855 eodem

114 1877 366 1916 Chartulario
395 1879 613 1926 Usercensi,
637 1879 702 1929 jus
727 1894 778 1917 ex
803 1879 1055 1929 delegatione
1081 1879 1168 1929 ejus
1194 1879 1357 1916 dicebat
1381 1878 1422 1915 in
1447 1876 1650 1915 nonnullis
1675 1889 1812 1925 parro-

115 1937 212 1976 chiis
243 1937 478 1976 constitutis
509 1938 612 1976 circa
643 1938 840 1976 Sanctum
867 1938 1041 1977 Gallum.
1074 1938 1256 1976 Asterius
1287 1938 1334 1976 de
1365 1937 1477 1974 Mure
1510 1935 1637 1972 filium
1667 1933 1813 1971 habuit

117 1996 345 2036 Robertum
386 1997 433 2035 de
476 1997 588 2035 Mure
629 2011 791 2047 quoque
833 1997 990 2035 dictum
1030 2006 1071 2035 et
1111 1996 1474 2036 Archambalduln.
1519 1994 1722 2032 Robertus
1764 2006 1813 2030 ex

114 2055 323 2106 Stephana
362 2070 487 2094 uxore
526 2070 597 2094 sua
636 2057 803 2094 sustulit
842 2056 1093 2096 Ademarum
1133 2055 1303 2094 Roberti
1339 2055 1456 2092 istius
1496 2050 1812 2102 nuncupationis

113 2114 305 2165 primum,
335 2115 604 2165 Stephanum,
634 2115 703 2165 qui
729 2123 872 2165 postea
901 2115 1004 2153 circa
1032 2130 1187 2153 annum
1216 2114 1421 2151 MLXXX
1448 2127 1497 2151 ex
1524 2111 1651 2149 milite
1680 2110 1812 2147 factus

114 2182 175 2211 est
202 2174 426 2211 monachus
454 2174 564 2224 apud
594 2174 801 2222 Usercam,
832 2175 1062 2224 Hugonem,
1092 2175 1273 2220 Petrum,
1301 2181 1342 2210 et
1369 2172 1612 2210 Garsenfflm
1640 2176 1814 2218 nuptam

113 2232 216 2270 circa
239 2247 393 2270 annum
416 2233 534 2270 MLX
557 2233 707 2271 Joanni
728 2234 777 2271 de
798 2233 990 2271 Chastras
1014 2233 1109 2280 filio,
1131 2241 1178 2270 ut
1199 2232 1355 2282 opinor,
1376 2230 1542 2268 alterius
1575 2227 1744 2266 Joannis
1767 2226 1816 2264 de

115 2291 306 2329 Chastras
321 2291 630 2331 commemorati
644 2292 685 2329 in
699 2292 951 2330 Chat-talario
968 2292 1178 2330 Tutelensi.
1198 2292 1317 2340 Hugo
1337 2288 1505 2327 Roberti
1520 2296 1561 2325 et
1581 2287 1813 2336 Stephanae

119 2350 222 2388 filius
252 2351 371 2388 duxit
397 2351 438 2388 in
466 2351 776 2389 matrimonium
806 2351 1084 2397 petronillam,
1114 2364 1216 2399 quae
1245 2350 1279 2387 ei
1306 2348 1464 2399 peperit
1492 2347 1741 2384 Ademarum
1772 2351 1813 2381 et

117 2410 296 2448 Petrum.
321 2410 547 2451 Ademarus
568 2410 644 2448 iste
666 2410 770 2448 circa
792 2424 946 2450 annum
969 2410 1121 2447 MCXV
1142 2409 1183 2446 in
1203 2408 1445 2446 infirmitate
1466 2405 1637 2456 positus,
1661 2418 1710 2441 ex
1732 2416 1811 2451 qua

116 2476 302 2506 mortuus
324 2476 398 2516 est,
421 2476 579 2507 vestem
600 2469 872 2507 monasticam
893 2469 1028 2506 induit
1049 2468 1159 2518 apud
1181 2467 1381 2504 Tutelam.
1408 2466 1520 2503 Uxor
1542 2476 1703 2513 quoque
1725 2461 1811 2510 ejus

117 2527 337 2565 Milisendis
361 2535 504 2577 postea
529 2528 639 2577 apud
666 2528 860 2566 Usercam
884 2527 1041 2577 accepit
1057 2526 1255 2575 ,habitum
1280 2523 1529 2563 monasticae
1554 2519 1812 2572 professionis

117 2593 300 2636 tempore
317 2586 514 2624 Bernardi
531 2586 706 2627 abbatis.
729 2586 849 2624 Istius
869 2586 1059 2624 Ademari
1077 2594 1118 2623 et
1135 2583 1354 2622 Milisendis
1375 2582 1479 2620 filius
1497 2581 1575 2618 fuit
1594 2579 1811 2625 Robertus‚

117 2653 333 2695 propterea
351 2659 476 2695 nepos
497 2645 679 2695 Hugonis
698 2653 869 2683 vocatus
887 2645 928 2682 in
946 2644 1197 2682 Charmlario
1220 2641 1436 2680 Usercensi.
1458 2641 1520 2677 Ex
1536 2640 1611 2676 hoc
1632 2638 1812 2675 Roberto

117 2711 338 2753 prognatos
385 2703 567 2753 suspicor
613 2704 834 2742 Geraldum
884 2703 1053 2741 Roberti
1100 2702 1347 2739 monachum
1395 2700 1659 2737 Usercensem
1705 2710 1812 2733 anno

119 2762 354 2809 MCLXIII,
385 2771 426 2800 et
454 2763 517 2800 W.
553 2763 723 2801 Roberti
753 2763 939 2809 militem,
972 2776 1093 2811 quem
1124 2775 1231 2798 anno
1264 2758 1433 2796 MCCIX
1464 2756 1612 2794 vixisse
1642 2753 1811 2804 reperio,

119 2835 241 2870 quem
266 2836 362 2859 vero
388 2835 462 2871 par
487 2829 548 2859 est
573 2821 807 2859 existimare
834 2835 959 2858 avum
986 2820 1106 2857 fuisse
1132 2817 1328 2857 Bernardi
1357 2815 1525 2854 Roberti
1551 2813 1670 2864 primi
1695 2812 1811 2850 istius

118 2880 293 2918 nominis
317 2881 455 2929 (quem
481 2880 623 2918 Dulcia
646 2888 778 2918 mater
802 2879 910 2917 Petri
932 2887 973 2916 et
997 2877 1192 2916 Guidonis
1217 2877 1264 2914 de
1288 2877 1476 2914 Chanaco
1499 2881 1621 2911 vocat
1651 2879 1811 2922 patrem

168 3018 199 3050 1.
229 3017 376 3056 Baluze,
407 3023 433 3049 t.
460 3028 511 3055 lv,
541 3028 575 3060 p.
605 3017 685 3056 161,
717 3017 795 3049 290.

169 3072 198 3103 2.
221 3070 288 3103 Ed.
308 3069 538 3108 Moranville
558 3081 592 3112 p.
612 3070 668 3102 43.
