2083 3458
263 193 318 234 54
915 207 1066 233 NOTAE
1102 207 1161 232 AD
1196 206 1325 232 VITAs
1850 190 2002 258 [590]-

267 307 435 341 magnus
465 292 556 330 ordo
587 291 629 329 in
658 291 835 330 Ecclesia
863 300 896 329 et
924 296 1034 329 era'nt
1062 290 1206 328 milites
1225 290 1377 329 strenui
1402 291 1505 329 beate
1523 291 1671 330 Marie.
1691 292 1743 330 Et
1761 292 1976 330 destructus

264 352 281 402 j
286 352 343 389 uit
361 352 424 390 ille
454 351 544 389 ordo
564 357 732 402 tempore
752 350 967 389 Clementis
986 363 1089 401 pape
1115 350 1149 388 V
1169 350 1221 388 ad
1243 350 1558 401 provocationem
1579 352 1682 402 regis
1706 352 1743 389 F
1746 351 1890 391 rancie.
1909 351 1974 399 Et,

264 411 367 449 sicut
395 410 534 449 audivi
559 410 610 448 ab
640 423 718 448 ano
753 410 820 461 qui
838 410 918 460 suit
951 409 1201 448 examinator
1235 421 1351 448 cause
1383 417 1418 447 et
1452 411 1623 458 testium,
1661 411 1878 450 destructus
1896 410 1976 461 fuit

264 478 397 508 contra
414 469 624 520 justitiam.
660 469 711 507 Et
729 469 848 508 michi
881 469 981 507 dixit
999 469 1101 519 quod
1128 468 1212 519 ipse
1236 468 1416 507 Clemens
1447 470 1612 520 protulit
1638 470 1707 508 hoc
1735 486 1742 508 ι
1770 478 1805 508 et
1829 469 1976 509 si.non

265 544 333 579 per
366 529 470 567 viam
487 528 639 579 justitie
671 536 794 579 potest
825 528 984 575 destrui,
1010 529 1233 566 destruatur
1261 536 1391 566 tamen
1423 543 1493 580 per
1518 529 1624 567 viam
1647 529 1901 580 expedientie,
1929 544 1977 568 ne

262 588 551 626 scandalizetur
566 602 682 626 carus
700 587 811 637 filius
828 596 954 626 noster
971 602 1037 626 rex
1053 587 1236 626 Franeie.

320 648 362 686 P.
397 647 434 695 8,
457 647 522 697 lig.
559 647 620 687 14,
649 647 920 686 ORDINANTE.
951 647 1056 685 Jean
1089 647 1138 685 de
1172 646 1451 686 Saint-Victor
1483 648 1664 699 exprime
1696 648 1747 687 ici
1778 648 1977 699 l’opinion

265 706 461 757 publique
481 721 558 756 que
577 706 809 745 Guillaume
828 707 876 745 de
896 707 1077 757 Nogaret
1094 714 1135 745 et
1154 706 1385 745 Guillaume
1404 707 1452 746 de
1471 707 1669 746 Plaisians
1688 708 1977 758 s’ingenierent

265 769 289 804 ὲ
306 769 454 816 egarer.
474 766 536 804 En
551 765 706 813 realite,
722 765 763 804 ni
777 766 832 804 les
850 765 1076 804 cardinaux
1087 766 1129 803 ni
1143 766 1179 804 le
1193 780 1299 817 pape
1315 781 1364 805 ne
1380 767 1621 817 chargerent
1635 768 1670 806 le
1685 767 1743 806 roi
1759 768 1808 806 de
1822 768 1976 806 France

263 826 450 876 d’operer
476 825 754 863 l’arrestation
781 826 850 864 des
878 825 1115 876 Templiers.
1145 825 1224 864 Par
1249 826 1288 864 la
1315 826 1423 864 bulle
1451 826 1518 864 Ad
1541 827 1741 877 preclaras
1766 826 1976 878 sapientie,

264 885 449 922 Clement
469 884 503 922 V
523 892 707 935 protesta
730 884 794 933 (27
816 885 982 923 octobre
1004 884 1120 934 1307)
1143 893 1184 923 et
1214 900 1254 923 se
1284 885 1459 936 plaignit
1480 886 1626 936 qu’elle
1647 889 1716 925 efit
1743 888 1806 924 ete
1832 888 1976 937 operee

264 946 285 981 ἐι
308 959 380 982 son
400 943 503 982 insu.
529 944 590 981 Tu
610 958 708 991 ver0,
732 944 791 994 fili
810 944 1034 991 karissime,
1059 945 1161 1010 quod
1180 945 1348 982 dolentes
1375 946 1595 995 referimus,
1618 961 1696 983 non
1718 954 1797 984 tam
1817 960 1976 997 prepos-

264 1011 340 1041 tero
367 1017 485 1053 quam
511 1003 620 1041 nullo
646 1003 794 1051 ordine,
824 1003 938 1041 nobis
966 1004 1081 1054 quasi
1110 1004 1153 1041 in
1179 1004 1275 1042 ortis
1301 1004 1572 1053 existentibus,
1601 1020 1766 1043 manum
1797 1014 1907 1044 tuam
1935 1004 1978 1043 in

264 1077 451 1113 personas
479 1035 797 1127 Templarioruni
821 1071 855 1101 et
882 1063 994 1111 bona,
1021 1071 1055 1101 et
1079 1078 1159 1101 non
1184 1063 1515 1115 qualitercumque
1537 1065 1605 1103 sed
1630 1080 1750 1115 usque
1775 1065 1826 1103 ad
1853 1064 1978 1103 inclu-

262 1122 412 1159 sionem
443 1121 608 1160 carceris
637 1122 856 1171 extendisti,
888 1123 1063 1173 quodque
1091 1124 1143 1161 ad
1181 1123 1386 1162 cumulum
1415 1124 1561 1162 doloris
1597 1125 1743 1163 accedit
1772 1133 1977 1172 extentam,

264 1182 408 1219 nedum
425 1195 504 1219 non
519 1181 721 1230 remisisti,
737 1182 806 1220 sed
819 1197 918 1229 eam,
937 1190 978 1220 ut
988 1182 1123 1232 fertur
1141 1182 1196 1221 ad
1213 1182 1408 1233 fortiora
1395 1183 1606 1234 impigens,
1626 1183 1727 1235 ipsis
1740 1198 1820 1222 non
1835 1183 1978 1222 medio-

262 1241 376 1279 criter
396 1255 441 1279 ex
447 1238 551 1291 ipsa
571 1241 751 1291 captione
771 1241 928 1291 afflictis
949 1242 1202 1292 afflictionem
1221 1242 1425 1291 addidisti,
1447 1243 1515 1281 sed
1533 1243 1699 1293 qualem,
1721 1243 1769 1281 ob
1788 1243 1979 1295 pudorem

264 1300 434 1338 Ecclesie
456 1314 524 1338 nec
546 1300 680 1338 minus
702 1309 827 1349 tuum,
851 1301 887 1339 si
913 1301 1004 1339 bene
1025 1301 1272 1352 perspexeris
1293 1302 1347 1340 ad
1365 1317 1527 1353 presens
1549 1302 1826 1341 subticendum
1846 1302 1979 1354 potius

261 1359 516 1398 arbitramur.
534 1359 672 1397 Dolori
690 1374 776 1398 vero
795 1368 924 1398 nostro
941 1361 1205 1399 admiratione
1221 1369 1256 1399 et
1272 1362 1443 1399 dolorose
1460 1362 1647 1413 princeps
1668 1362 1801 1400 inclite
1817 1376 1980 1400 eausam

262 1427 437 1469 prestant
455 1419 556 1468 quod
573 1419 687 1457 nobis
706 1434 800 1470 quos
818 1435 970 1470 semper
990 1420 1178 1458 invenisti
1199 1417 1397 1459 benevolos
1414 1436 1483 1472 pre
1502 1422 1652 1459 cunctis
1670 1422 1766 1460 aliis
1784 1421 1980 1460 Romanis

262 1478 524 1528 pontificibus
552 1479 619 1529 qui
647 1479 889 1530 temporibus
917 1480 997 1517 tuis
1025 1480 1196 1518 Ecclesie
1223 1480 1402 1519 Romane
1428 1481 1662 1531 prefuerunt
1687 1489 1722 1519 et
1748 1481 1887 1520 honori
1915 1489 1980 1519 tuo

267 1537 432 1575 intentos
454 1538 496 1575 in
516 1552 634 1587 regno
654 1547 718 1576 tuo
737 1554 809 1589 pro
829 1539 909 1577 tuis
928 1547 962 1577 et
980 1539 1155 1589 ejusdem
1174 1539 1287 1589 regni
1305 1555 1351 1578 ac
1369 1540 1488 1578 totius
1503 1540 1808 1579 christianitatis
1830 1540 1980 1579 utilita-

261 1596 369 1634 tibus
402 1597 444 1634 in
476 1598 555 1635 loco
586 1598 660 1635 tibi
692 1598 821 1636 vicino
854 1599 1114 1647 morantibus,
1146 1607 1355 1650 postquam
1385 1608 1448 1638 tue
1481 1600 1692 1639 Serenitati
1724 1614 1794 1651 per
1826 1607 1980 1638 nostras

264 1657 488 1694 innotuerat
510 1657 658 1695 litteras
680 1658 782 1707 quod
804 1672 874 1696 nos
899 1658 942 1696 in
964 1659 1097 1713 eodeni
1118 1659 1278 1708 negocio
1300 1667 1335 1697 et
1355 1661 1408 1698 ad
1429 1659 1637 1709 diligenter
1661 1659 1980 1709 investigandam

262 1716 460 1753 veritatem
495 1716 605 1754 illius
636 1718 838 1767 procedere
871 1718 1109 1766 volebamus,
1142 1727 1177 1756 et
1209 1727 1242 1756 te
1273 1734 1343 1769 per
1374 1719 1528 1757 easdem
1560 1719 1800 1757 duxeramus
1831 1719 1980 1757 litteras

264 1775 553 1824 requirendum,
570 1777 671 1826 quod
684 1791 729 1814 ea
743 1791 813 1827 que
826 1778 870 1815 de
883 1777 1072 1828 predictis
1084 1778 1202 1828 factis
1218 1778 1423 1816 inveneras
1438 1778 1553 1817 nobis
1565 1778 1797 1829 significare
1809 1792 1979 1826 curares,

263 1842 299 1871 et
327 1835 428 1884 quod
456 1849 526 1872 nos
555 1835 629 1873 tibi
655 1836 888 1886 significare
916 1851 1144 1875 curaremus
1172 1852 1216 1875 ea
1246 1852 1317 1888 que
1345 1838 1449 1876 circa
1477 1838 1684 1888 negocium
1714 1838 1983 1876 inveniremus

265 1894 498 1944 predactum,
522 1896 763 1945 attemptasti
781 1896 958 1946 predicta
980 1896 1022 1934 in
1042 1911 1232 1948 personas
1252 1905 1286 1935 et
1308 1897 1409 1935 bona
1423 1912 1684 1948 personarum
1702 1897 1982 1948 predictarum,

266 1953 382 1990 nobis
400 1962 434 1990 et
453 1954 623 1992 Ecclesie
641 1955 818 1993 Romane
836 1956 981 2006 absque
999 1956 1125 1994 medio
1143 1956 1330 2007 subjecta.
1353 1957 1404 1995 In
1422 1971 1495 2007 quo
1514 1957 1671 2007 quidem
1688 1965 1753 1995 tuo
1770 1957 1829 1995 sic
1846 1970 1982 2007 repen-

263 2012 346 2049 tino
367 2027 552 2063 processu
569 2022 745 2052 nostrum
765 2023 798 2052 et
830 2015 1003 2053 Ecclesie
1025 2016 1203 2053 Romane
1227 2016 1498 2067 vituperosum
1520 2024 1788 2067 contemptum
1811 2030 1983 2054 eommu-

265 2071 366 2108 niter
390 2086 522 2110 omnes
547 2081 581 2110 et
605 2088 684 2111 non
708 2074 854 2125 absque
878 2075 1112 2113 rationabili
1137 2090 1259 2113 causa
1284 2083 1432 2124 notant,
1461 2084 1502 2114 ut
1526 2076 1578 2114 ad
1600 2076 1794 2126 scripture
1816 2074 1982 2126 prolixi-

263 2138 378 2168 tatem
398 2131 600 2170 vitandam
618 2133 722 2171 alias
741 2148 882 2172 causas
901 2134 1046 2172 doloris
1064 2143 1098 2172 et
1115 2134 1397 2173 admirationis
1416 2135 1646 2173 notissimas
1658 2135 1912 2173 obmittamus
1930 2134 1982 2172 ad

264 2204 424 2239 presens
443 2191 654 2240 (Archives
673 2192 926 2241 Nationales,
947 2194 986 2232 J.
1003 2193 1095 2241 416,
1114 2208 1152 2232 n.
1171 2193 1224 2243 2).

320 2249 363 2287 Ρ.
388 2249 425 2297 8,
449 2250 516 2300 lig.
544 2250 605 2289 14.
632 2251 754 2290 REGE
779 2267 1075 2291 PRECIPIENTE.
1101 2253 1269 2292 L’ordre
1293 2253 1597 2302 fflarrestation,
1622 2254 1719 2291 date
1743 2253 1797 2291 du
1823 2252 1872 2290 14
1894 2266 1983 2303 sep-

265 2308 422 2346 tembre
446 2309 560 2358 1307,
583 2324 606 2348 a
629 2313 693 2349 ete
714 2312 853 2362 publi&
873 2326 948 2362 par
961 2312 1008 2351 G.
1032 2312 1231 2351 Lizerand
1254 2312 1323 2363 (Le
1343 2313 1487 2351 dossier
1534 2313 1578 2351 de
1598 2312 1769 2364 l’affaire
1789 2312 1854 2350 des
1873 2312 1984 2349 Tem—

266 2367 403 2416 plierS,
428 2383 465 2418 p.
495 2368 645 2419 16-29).

320 2427 363 2464 Ρ.
383 2427 419 2474 8,
439 2427 505 2477 lig.
526 2428 587 2467 25.
605 2428 862 2468 YMBERTUS.
884 2431 1003 2469 Frere
1023 2430 1257 2469 Guillaume
1276 2431 1325 2469 de
1345 2430 1474 2479 Paris,
1491 2430 1741 2482 inquisiteur
1759 2430 1922 2481 general
1935 2429 1984 2468 de

269 2485 436 2533 France,
466 2487 585 2533 langa
615 2503 672 2526 un
700 2489 874 2528 mandat
904 2490 1125 2540 d’enquete
1156 2498 1297 2529 contre
1325 2490 1382 2529 les
1412 2490 1635 2541 Templiers
1663 2490 1699 2529 le
1728 2489 1777 2527 22
1807 2496 1985 2540 septem-

266 2544 635 2595 12re1307ffiinke,
663 2548 889 2598 Papsttum,
919 2557 949 2587 t.
977 2564 1019 2597 11,
1047 2564 1087 2600 p.
1116 2549 1253 2599 44-46)
1298 2549 1374 2588 Sur
1403 2564 1445 2588 ce
1463 2563 1717 2600 personnage
1746 2548 1834 2587 voir
1861 2549 1899 2587 J.
1930 2547 1983 2587 M.

270 2603 404 2649 Yidal,
426 2605 608 2643 Bullaire
628 2607 672 2644 de
692 2608 960 2658 l'inquisition
977 2608 1190 2658 francaise,
1210 2623 1250 2659 p.
1273 2623 1348 2646 X1x
1368 2616 1410 2647 et
1430 2623 1533 2648 XXV.

330 2663 371 2700 P.
389 2665 424 2709 Η,
439 2664 504 2713 lig.
522 2665 581 2703 15.
606 2665 871 2706 MAGISTROR.
895 2682 1230 2706 UNIVERSITATIS.
1253 2667 1419 2706 Certum
1432 2675 1494 2706 est
1509 2668 1615 2706 hano
1628 2666 1985 2717 congregationem

271 2722 424 2758 factam
449 2722 570 2762 fuisse
592 2726 788 2775 postridie
812 2726 1185 2777 comprehensionis
1208 2727 1548 2778 Templariorum,
1574 2727 1617 2764 id
1644 2734 1719 2774 est,
1740 2725 1872 2777 pridie
1892 2725 1984 2763 idus

279 2780 368 2829 [lli]
391 2782 583 2821 octobris.
607 2784 741 2832 Quare
765 2786 1030 2824 vehementer
1057 2785 1267 2824 aberravit
1285 2786 1298 2808 ¹
1319 2800 1341 2824 a
1368 2801 1464 2825 vero
1492 2786 1554 2824 vir
1574 2785 1819 2824 clarissimus
1840 2784 1985 2822 Petrus

269 2922 273 2945 ¹
322 2930 351 2961 1
371 2930 509 2965 Baium
526 2946 565 2965 3(-
573 2946 656 2966 cuse
674 2935 693 2965 ἐι
712 2941 788 2967 tort
805 2935 839 2967 d'
846 2948 971 2969 crreur
988 2936 1147 2980 Dupuy;
1165 2947 1183 2968 c
1190 2937 1259 2970 ’est
1274 2937 1326 2970 lui
1342 2937 1406 2979 qui
1422 2949 1459 2970 se
1476 2943 1636 2979 trompe.
1655 2935 1710 2969 La
1725 2934 1987 2968 consultation

271 2979 316 3011 de
336 2985 369 3016 l·1
388 2985 527 3019 faculte
547 2988 589 3019 dc
609 2986 795 3031 theologi(
814 2989 932 3022 existe
951 3001 1025 3022 aux
1043 2989 1226 3024 Archives
1246 2991 1467 3024 Nationales
1489 2988 1540 3033 (J.
1560 2987 1643 3029 413,
1662 3000 1697 3022 n.
1718 2988 1767 3032 1).
1784 2988 1863 3021 Elle
1882 2999 1903 3020 a
1921 2989 1984 3022 ete

273 3034 468 3078 ὶῐιὶρι·ίῑηὸῡ
490 3049 576 3070 sous
597 3039 632 3070 Ia
655 3039 741 3071 dau
765 3040 815 3072 du
834 3041 877 3073 25
895 3052 995 3074 mars
1017 3042 1112 3075 1308
1132 3053 1202 3086 par
1224 3042 1384 3082 Denssle,
1408 3041 1700 3081 Clzartularium,
1723 3046 1750 3073 t.
1772 3052 1811 3080 11,
1836 3051 1872 3072 n.
1897 3039 1980 3079 664,

273 3099 308 3131 p·
324 3091 428 3123 ’125-’1
440 3092 494 3130 28,
513 3100 547 3124 et
566 3105 633 3135 par
651 3095 691 3126 (⁷2.
712 3094 907 3136 Lizerand,
925 3096 975 3129 Le
992 3097 1128 3130 dossier
1145 3098 1185 3130 de
1201 3097 1222 3130 l'
1228 3096 1360 3140 affaire
1376 3098 1435 3130 des
1454 3096 1667 3140 Templiers,
1686 3106 1720 3139 p.
1740 3095 1862 3128 63-71.
