2083 3458
289 249 336 288 7².
906 255 1058 282 NOTAE
1093 255 1153 280 AD
1189 254 1317 280 VITAS
1841 236 1965 292 [771]

260 347 307 383 131
352 347 389 383 in
431 344 533 383 libro
575 341 874 391 Obligationum
914 338 1069 378 archivi
1109 336 1300 375 Vaticani
1321 336 1335 359 ¹
1375 336 1427 374 ad
1466 350 1622 374 annum
1665 335 1966 385 MCCCXXIV,

258 413 430 443 vocatur
458 411 624 441 tantum
655 401 791 439 Helias
821 401 971 438 electus
1001 395 1316 436 Lemovicensis.
1347 396 1563 434 Praeterea
1590 396 1632 434 in
1659 394 1772 433 Actis
1799 395 1967 445 capituli

259 462 516 513 prz‘wincialis
536 461 688 499 ordinis
707 459 1031 498 Praedicatorum
1051 455 1245 495 celebrati
1266 455 1493 494 Lemovicis
1513 469 1621 493 anno
1643 454 1966 501 MCCCXXVII,

258 525 295 562 iu
327 521 481 560 octavis
510 528 746 558 sanctorum
774 517 1067 568 Apostolorum
1094 514 1206 554 Petri
1233 523 1274 553 et
1301 513 1430 563 Pauli,
1466 514 1526 552 ita
1556 513 1705 563 legitur
1733 529 1741 552 :
1773 513 1871 551 Item
1895 528 1967 564 pro

260 596 393 619 wenera
404 580 471 617 bili
492 588 600 629 patre
621 578 778 615 domino
798 576 919 613 Helia
938 576 1050 613 electo
1069 573 1338 611 Lemovicensi
1366 581 1400 610 et
1427 581 1501 611 toto
1529 572 1688 623 collegio
1717 572 1967 611 dominorum

261 655 383 679 canon
393 640 539 677 icor-um
558 636 895 676 Lemovicensinm
914 634 1077 684 quilibet
1093 633 1272 671 sacerdos
1291 647 1415 671 unam
1433 632 1608 670 missam.

314 700 419 737 Puto
453 712 544 736 eum
578 695 779 746 tyrocinia
813 694 1045 733 studiorum
1078 706 1245 730 suorum
1276 691 1460 742 posuisse
1492 691 1678 740 Tolosae,
1709 704 1882 741 eamque
1915 691 1966 730 ob

259 772 425 796 causam
454 757 536 795 illic
565 755 759 794 fundasse
790 752 1005 803 collegium
1034 752 1086 790 ad
1116 751 1283 790 alendos
1314 751 1516 790 scholares
1547 750 1685 789 studio
1704 750 1806 800 juris
1838 749 1967 789 civilis

261 827 298 855 ct
323 815 506 855 canonici
534 815 701 852 daturos
725 826 903 863 operam.
924 812 1039 850 Certe
1060 811 1177 849 illum
1196 810 1297 861 juris
1321 809 1449 859 civilis
1470 810 1650 860 peritum
1672 809 1796 848 fuisse
1818 809 1968 849 docent

267 876 377 913 Gesta
420 875 693 924 episcoporum
723 870 1137 910 Autissiodorensium
1155 869 1182 909 ².
1217 870 1396 908 Joannes
1431 869 1574 917 XXII,
1607 868 1650 907 in
1692 868 1805 906 bulla
1844 883 1967 919 supra

259 937 400 982 citata,
414 941 592 972 testatur
609 946 702 970 eum
718 931 938 969 litterarum
950 929 1117 968 scientia
1132 928 1342 979 preditum.
1359 929 1542 967 Clemens
1558 928 1616 966 VI
1629 928 1681 966 ad
1694 927 1965 976 Ludovicum‚

263 992 496 1042 Huugariae
520 1006 669 1041 regem,
689 990 867 1029 scribens
893 1003 1001 1027 anno
1027 988 1319 1037 MCCCXLVI,
1338 1002 1431 1026 eum
1457 987 1721 1026 commendat
1746 986 1796 1025 de
1821 1001 1969 1037 magna

260 1053 450 1103 probitate
467 1060 500 1089 et
528 1050 732 1088 literarum
758 1048 960 1090 scientia3.
982 1049 1043 1086 Et·
1062 1048 1113 1085 ab
1133 1055 1300 1086 auctore
1322 1046 1558 1085 Collationis
1576 1047 1592 1069 4
1619 1060 1743 1097 supra
1771 1046 1967 1085 laudatae

260 1112 408 1150 dicitur
436 1109 777 1160 profundissimus
805 1116 839 1146 et
864 1106 1160 1158 famosissimus
1185 1107 1228 1145 in
1254 1106 1431 1146 scientia.
1458 1106 1592 1144 Tanto
1621 1105 1731 1144 enim
1754 1106 1968 1144 literarum

258 1185 394 1209 amore
431 1169 634 1219 flagrabat
667 1177 714 1206 ut
748 1182 841 1206 cum
874 1168 1008 1205 factus
1042 1167 1122 1205 fuit
1164 1166 1377 1217 episcopus
1421 1164 1787 1204 Autissiodorensis
1807 1164 1820 1187 5
1855 1165 1968 1215 quasi

259 1230 441 1267 continue
469 1228 655 1266 manserit
681 1227 870 1266 studendo
899 1226 942 1264 in
968 1234 1092 1264 castro
1119 1226 1164 1263 ale
1190 1225 1343 1263 Odanto
1369 1239 1491 1275 prope
1523 1224 1795 1264 Verziacum...
1825 1223 1869 1262 in
1895 1239 1969 1275 quo

259 1290 384 1327 dictus
419 1287 665 1326 Talerandus
695 1286 914 1337 speciosam
945 1286 1081 1323 aulam
1111 1300 1156 1323 ac
1187 1297 1381 1323 cameram
1412 1283 1586 1322 construi
1607 1283 1700 1332 jecit
1730 1283 1839 1321 etad
1867 1298 1968 1333 opus

258 1347 440 1386 studendi
467 1361 592 1384 unum
618 1346 834 1384 claustrum
859 1353 956 1383 retro
982 1345 1034 1382 ad
1059 1344 1218 1382 modum
1243 1343 1518 1393 religiosorum
1543 1351 1577 1381 et
1603 1342 1661 1381 ibi
1687 1343 1855 1381 multum
1881 1357 1968 1393 pro—

258 1407 348 1456 fecit
373 1406 573 1444 studendo.
608 1406 754 1455 Itaque
782 1405 932 1443 mirum
960 1418 1043 1443 non
1070 1411 1132 1443 est
1161 1403 1271 1454 quod
1299 1403 1351 1441 ab
1380 1402 1596 1452 Aymerico
1626 1402 1674 1441 de
1704 1402 1898 1452 Peyraco,
1926 1401 1969 1440 in

265 1466 353 1503 Vita
390 1465 543 1504 Urbani
576 1465 622 1513 V,
652 1479 690 1515 p.
721 1464 810 1512 413,
840 1471 1014 1502 vocatur
1042 1462 1214 1502 eximius
1244 1462 1425 1511 clericus7
1455 1476 1477 1500 a
1507 1461 1743 1510 petrarcha,
1771 1461 1841 1501 lib.
1872 1461 1967 1509 VII,

262 1526 346 1563 Rer.
371 1525 499 1572 senil,
524 1523 640 1574 epist.
664 1539 690 1571 1,
713 1523 895 1562 lucidum
913 1522 1118 1562 Ecclesiae
1141 1522 1251 1561 sidus
1274 1530 1315 1560 et
1337 1521 1399 1560 vir
1423 1520 1738 1570 oculatissimus,
1761 1534 1784 1558 a
1808 1520 1968 1559 Joanne

261 1584 541 1622 Carmessonio
556 1583 597 1621 in
615 1583 706 1621 Vita
723 1583 763 1622 S.
777 1583 886 1620 Petri
905 1582 1089 1630 Thomae,
1101 1582 1163 1620 vir
1177 1595 1350 1631 magnae
1365 1579 1622 1631 prudentiae.
1637 1580 1860 1618 Petrarcha
1875 1593 1968 1618 eum

262 1643 399 1681 multis
422 1657 467 1681 ac
488 1642 645 1692 magnis
666 1642 857 1680 laudibus
880 1656 999 1692 saepe
1020 1648 1261 1691 prosecutus
1292 1648 1367 1688 est,
1396 1639 1439 1677 in
1469 1638 1611 1690 primis
1632 1653 1729 1677 vero
1748 1639 1819 1679 lib.
1844 1638 1967 1687 XIII,

260 1703 377 1752 epist.
402 1717 440 1749 v,
465 1710 505 1740 et
525 1702 593 1740 lib.
621 1701 733 1749 XIV,
758 1701 875 1751 epist.
898 1715 925 1738 11
947 1700 1035 1738 Rer.
1060 1699 1341 1749 familiarium.
1365 1698 1548 1737 Afferam
1569 1706 1710 1737 autem
1733 1698 1819 1748 ejus
1841 1698 1968 1737 verba

260 1776 305 1800 eo
327 1762 534 1799 lubentius
559 1760 668 1810 quod
690 1760 875 1799 nondum
897 1760 979 1799 sint
1001 1760 1125 1798 edita.
1150 1759 1214 1797 Sic
1236 1773 1329 1809 ergo
1351 1758 1478 1796 habet
1499 1757 1632 1808 priore
1652 1757 1742 1796 loco
1766 1773 1773 1795 :
1793 1757 1886 1795 Duo
1909 1756 1968 1795 illi

259 1820 462 1870 principes
482 1819 677 1857 Ecclesiae
698 1833 756 1856 me
776 1819 949 1857 certatim
969 1818 1180 1856 evocabant
1199 1832 1293 1868 quos
1312 1818 1414 1856 velut
1432 1817 1529 1855 daos
1548 1816 1749 1855 thesauros
1769 1816 1968 1854 validissi-

262 1893 341 1916 mos
362 1879 509 1929 lateque
530 1878 679 1917 Christi
700 1886 905 1927 regnantes
928 1878 971 1916 in
990 1878 1154 1928 pascuis
1176 1891 1267 1927 grex
1287 1876 1511 1915 dominicus
1532 1890 1638 1914 nunc
1652 1875 1789 1914 habet:
1804 1890 1968 1926 quorum

262 1953 318 1976 me
343 1938 438 1975 alter
462 1937 652 1975 veteribus
682 1937 893 1987 beneficiis,
920 1938 1015 1975 alter
1041 1937 1245 1987 insperata
1268 1944 1303 1974 et
1328 1950 1428 1974 nova
1453 1935 1579 1985 ignoti
1604 1935 1780 1972 nominis
1813 1935 1968 1973 benevo-

258 1997 379 2035 lentia
399 1997 529 2046 famae
551 1996 674 2034 solius
696 1997 964 2034 testimonium
984 2004 1139 2034 secutus
1161 1995 1432 2034 obstrinxerat.
1458 1993 1658 2045 Superbia
1679 1994 1766 2032 visa
1786 2002 1842 2032 est
1862 2008 1968 2032 voces

260 2056 417 2094 illorum
436 2070 616 2106 spernere
637 2070 730 2106 quos
751 2070 857 2105 reges
877 2070 922 2093 ac
941 2055 1145 2106 principes
1166 2063 1400 2093 venerantur
1419 2062 1453 2092 et
1471 2053 1676 2104 presertim
1697 2067 1803 2092 voces
1823 2052 1968 2104 quibus

256 2115 403 2152 summi
439 2115 610 2165 pastoris
648 2115 772 2152 inesse
809 2115 997 2152 diceretur
1032 2114 1257 2153 auctoritas,
1299 2113 1476 2163 Intelligi
1512 2120 1653 2152 autem
1687 2111 1730 2150 in
1765 2112 1842 2151 hoc
1870 2112 1966 2151 -loco

259 2174 565 2223 Talayrandum
598 2182 638 2212 et
671 2173 902 2212 Guidonem
935 2174 983 2212 de
1014 2173 1186 2212 Bolonia
1217 2173 1350 2223 liquet
1381 2187 1432 2211 ex
1463 2171 1701 2211 testimonio
1734 2171 1965 2220 Froissarti,

260 2233 341 2283 qui,
360 2242 389 2272 t.
416 2247 468 2282 v1,
486 2248 524 2283 p.
551 2232 612 2282 78,
631 2241 811 2271 testatur
834 2247 899 2272 eos
923 2234 1047 2272 fuisse
1070 2232 1245 2282 majores
1269 2232 1353 2270 sive
1376 2231 1578 2282 principes
1603 2230 1760 2281 collegii
1782 2229 1966 2269 cardina-

258 2292 375 2339 lium:
401 2292 468 2341 qni
491 2292 650 2329 estoient
673 2291 701 2329 li
724 2292 816 2342 plus
841 2300 955 2341 grant
977 2292 1021 2330 de
1045 2300 1125 2330 tout
1147 2292 1180 2330 le-
1203 2291 1354 2341 college.
1381 2290 1587 2329 Posterior
1610 2297 1751 2329 autem
1772 2290 1885 2329 locus
1909 2288 1965 2328 sic

259 2366 297 2389 se
315 2351 440 2389 habet
465 2367 472 2389 :
500 2350 816 2400 Magnanimum
833 2351 947 2389 illum
966 2351 1096 2388 virum
1118 2351 1237 2401 plane
1262 2349 1364 2388 nosti
1382 2364 1508 2400 supra
1531 2363 1643 2400 quem
1662 2357 1815 2399 praeter
1838 2362 1964 2386 unum

260 2410 482 2447 Romanum
508 2409 743 2460 Pontificem
770 2410 874 2448 nihil
899 2410 1000 2448 videt
1024 2417 1149 2448 status
1170 2409 1369 2448 Ecclesiae
1396 2408 1620 2457 militantis,
1641 2407 1773 2457 immo,
1803 2407 1885 2446 nisi
1903 2407 1964 2446 illi

260 2469 466 2516 invidiam,
494 2468 592 2506 mihi
618 2469 836 2507 adulatoris
863 2468 1076 2518 infamiam
1102 2469 1300 2519 quaesisse
1325 2482 1455 2506 verear
1481 2481 1528 2505 ne
1552 2467 1656 2505 hunc
1681 2466 1849 2517 quidem.
1876 2465 1964 2504 Ali-

257 2536 400 2575 zsuanto
424 2527 530 2565 enim
553 2528 674 2565 altius
699 2528 849 2566 videtur
872 2542 1002 2578 papas
1025 2527 1150 2577 facere
1175 2542 1293 2578 quam
1315 2541 1468 2578 papam
1490 2540 1583 2566 esse.
1613 2526 1729 2564 Tacet
1753 2525 1830 2575 ille3
1853 2524 1965 2575 fama

259 2586 439 2635 loquitur,
470 2595 583 2635 negat
612 2586 708 2637 ipse,
737 2587 804 2625 secl
830 2586 1028 2637 affirmant
1055 2601 1200 2635 omnes,
1230 2587 1327 2624 duos
1354 2600 1400 2625 ex
1426 2585 1562 2623 ordine
1589 2585 1790 2623 Romanos
1816 2598 1964 2623 creasse

262 2644 483 2693 Pontifices,
519 2659 611 2695 quos
644 2645 679 2683 si
714 2645 802 2696 quis
835 2645 934 2683 tanti
971 2645 1150 2696 beneficii
1185 2659 1369 2683 memores
1404 2652 1620 2695 gratosque·
1636 2643 1853 2693 jactaverit,
1886 2650 1964 2682 tota

261 2711 366 2751 mget
388 2704 574 2742 Ecclesia.
601 2704 711 2742 Duos
731 2705 820 2743 illos
842 2704 1059 2755 pontifices
1080 2704 1305 2754 intelligere
1326 2718 1488 2743 necesse
1509 2711 1572 2742 est
1596 2701 1884 2741 Innocentium
1904 2701 1962 2741 VI

259 2771 292 2795 «Ι
333 2762 547 2800 Urbanum
580 2763 627 2811 V,
663 2777 838 2813 quorum
869 2763 979 2814 prior
1011 2763 1163 2802 electus
1197 2771 1259 2802 est
1292 2777 1385 2802 cum
1418 2761 1702 2813 Talayrandus
1736 2760 1961 2801 cardinales

315 2910 338 2940 Ι.
368 2910 500 2949 (jollcr,
522 2910 673 2943 Johann
691 2910 829 2951 XXII,
851 2923 885 2955 p.
907 2911 988 2952 185,
1009 2911 1090 2950 188,
1109 2911 1190 2945 664.

311 2964 339 2993 2.
372 2962 434 2994 ΡΙ..
460 2962 598 3002 Labbc,
621 2963 745 2996 Novae
768 2963 1008 3005 bibliothecae,
1030 2970 1057 2998 t.
1078 2976 1103 3005 1,
1125 2976 1160 3009 p.
1184 2964 1264 2998 510.

311 3017 340 3046 Σζ.
374 3014 534 3055 Hiuuldi,
554 3016 600 3047 ad
617 3027 675 3048 an.
694 3016 798 3056 1346,
822 3016 910 3060 §,56.

314 3068 340 3098 ὀ.
374 3066 580 3107 Βω-Ιιοεηο,
606 3079 662 3111 ορ.
689 3069 759 3109 cit„
786 3075 812 3103 t.
836 3081 874 3110 11,
900 3081 934 3113 p.
961 3070 1042 3103 314.

311 3121 341 3150 Γ),
374 3119 510 3159 Labbc,
535 3131 591 3163 op.
616 3121 686 3160 cil„
710 3127 737 3154 t.
759 3133 783 3161 1,
808 3133 841 3166 p.
867 3122 947 3155 510.
