2083 3458
228 254 308 296 714
884 267 1035 293 NOTAE
1070 268 1130 292 AD
1165 268 1292 316 VITAs
1796 250 1938 306 [1195]

226 354 346 400 rium,
369 367 463 392 cum
484 353 572 390 illas
594 352 850 402 jactaverint
871 353 999 391 etiam
1021 353 1219 391 adversus
1244 354 1476 401 Urbanum,
1508 368 1632 404 quem
1654 353 1732 404 ipsi
1762 353 1950 392 fecerant

225 428 392 464 papan]-

279 474 323 511 P.
350 472 441 519 426,
467 471 533 521 lig.
561 471 624 509 25.
652 471 951 509 DELiBERAvm
979 487 1025 509 sa
1053 486 1351 510 TRANSFERRE.
1372 472 1474 511 Vide
1496 472 1775 511 Froissartum
1791 472 1836 522 [t.
1861 487 1948 519 v111,

291 532 391 583 228]
419 531 500 569 vol.
526 546 568 578 11,
595 545 685 581 cap.
713 545 785 578 ΧΠ,
812 539 853 570 et
881 531 1105 571 Odoricum
1133 532 1416 582 Raynaldum,
1443 546 1510 571 an.
1538 532 1654 579 1374,
1688 532 1703 580 ἓ
1731 531 1800 579 23;
1829 531 1946 579 1375,

272 592 335 630 22.

280 652 323 690 P.
345 650 436 698 426,
458 650 524 699 lig.
548 650 610 688 27.
634 649 868 688 MAGNALIA
891 665 1240 690 PROMITTERENT.
1265 652 1421 690 Eorum
1440 650 1642 702 promissa
1665 659 1813 689 extant
1834 650 1947 701 apud

224 711 417 750 cumdem
447 709 728 758 Raynaldum,
754 724 821 748 an.
852 710 967 757 1376,
1002 711 1017 758 ξ
1045 710 1107 749 11.

279 771 322 808 P.
357 769 448 817 426,
482 769 548 818 lig.
583 769 646 807 31.
682 769 922 807 AMICORUM
959 784 1151 808 scoaUM.
1186 770 1288 808 Vide
1322 770 1492 808 Factum
1526 769 1673 808 Jacobi
1708 770 1756 808 de
1791 769 1945 816 Seva1‚

224 846 263 880 p.
290 830 366 867 488
405 837 446 867 et
480 828 781 868 Theodericum
826 829 875 867 de
922 829 1041 867 Niem
1085 829 1127 867 in
1173 830 1360 868 Tractatio
1402 839 1508 868 sarto
1550 829 1723 867 nemoris
1766 828 1947 876 unionis,

222 904 313 940 cap.
344 903 483 926 xxxlx
524 888 577 938 [p.
607 888 723 939 387}
754 889 832 927 Sed
860 889 908 927 de
936 890 1013 927 hac
1040 904 1080 927 re
1107 904 1272 928 rursum
1299 897 1443 940 postea
1471 889 1657 939 pluribus
1686 903 1868 938 agemus.

278 950 322 987 P.
346 948 436 995 426,
459 947 525 997 lig.
550 948 612 986 31.
637 963 709 985 xm
734 963 1014 987 SEPTEMBRIS.
1042 949 1125 987 lter
1146 949 1233 998 ejus
1261 949 1453 988 Italicum
1474 948 1706 999 descripsit,
1739 947 1810 998 qui
1829 962 1946 999 prae—

221 1024 314 1047 sens
340 1016 443 1055 erat,
470 1008 616 1045 Petrus
643 1007 792 1046 Amelii
814 1008 862 1046 de
883 1009 1084 1055 Brenaco,
1107 1008 1333 1047 Electensis
1357 1008 1567 1056 dioecesis,
1586 1007 1802 1058 episcopus
1823 1008 1946 1046 Seno-

225 1067 443 1118 galliensis.
483 1066 660 1105 Edidit2
693 1067 795 1105 illud
832 1060 1031 1118 Papirius
1057 1067 1272 1106 Massonus
1307 1083 1359 1106 ex
1392 1067 1523 1106 veteri
1558 1067 1696 1106 codice
1733 1066 1803 1118 qui
1837 1081 1947 1105 nunc

221 1136 342 1166 extat
373 1127 415 1164 in
447 1126 699 1165 bibliotheca
733 1127 985 1165 Colbertina.
1021 1127 1144 1165 Aliud
1177 1128 1321 1167 eodem
1351 1136 1539 1178 tempore
1572 1126 1818 1177 conscripsit
1849 1127 1946 1165 Ber-

223 1187 397 1225 trandus
420 1187 647 1235 Boyssetus
664 1185 679 1208 3
702 1186 801 1224 civis
828 1187 1095 1234 Arelatensis,
1121 1187 1232 1237 quod
1263 1188 1443 1225 habetur
1474 1187 1516 1225 in
1540 1187 1671 1225 Veteri
1707 1186 1845 1225 codice
1869 1201 1945 1225 ms.

223 1246 501 1284 bibliothecae
533 1245 681 1295 regiae.

278 1307 321 1344 P.
349 1306 438 1353 427,
464 1305 530 1355 lig.
557 1305 593 1343 2.
621 1306 707 1343 SEX
735 1320 977 1343 DUMTAXAT
1001 1320 1220 1344 EXCEPTIS.
1245 1306 1498 1344 Froissartus
1527 1306 1605 1356 [ed.
1630 1306 1817 1355 Kervyn,
1835 1313 1867 1344 t.
1885 1320 1945 1352 IX,

224 1381 262 1416 p.
292 1366 367 1416 47]
398 1373 579 1415 quatuor
604 1373 776 1404 tantum
805 1365 929 1403 fuisse
957 1365 1030 1404 ait.
1061 1366 1139 1404 Sed
1168 1374 1328 1404 certum
1355 1374 1418 1404 est
1444 1365 1562 1403 illum
1588 1379 1757 1404 errasse.
1784 1364 1847 1402 ‘Hi
1874 1379 1947 1403 sex

222 1426 393 1463 fuerunt
437 1424 631 1474 Anglicus
665 1424 901 1462 Grimoardi
943 1425 1160 1475 episcopus
1190 1424 1451 1473 Albanensis,
1496 1424 1690 1474 Aegidius
1740 1423 1946 1474 Aysselini

221 1485 439 1535 episcopus
465 1484 739 1531 Tusculanus,
759 1485 941 1523 Joannes
960 1485 1008 1523 de
1027 1484 1251 1523 Blandiaco
1276 1484 1491 1535 episcopus
1519 1484 1772 1531 Sabinensis,
1798 1484 1944 1522 Petrus

222 1545 272 1582 de
304 1544 546 1581 Monteruco
576 1543 794 1594 presbyter
825 1544 1043 1582 cardinalis
1058 1544 1188 1582 “tituli
1219 1545 1395 1583 Sanctae
1426 1544 1685 1591 Anastasiae,
1708 1543 1946 1582 Guillelmus

223 1604 273 1642 de
320 1604 510 1641 Chanaco
546 1603 764 1653 presbyter
809 1603 1027 1641 cardinalis
1079 1604 1193 1641 tituli
1240 1603 1382 1642 Sancti
1434 1603 1597 1651 Vitalis,
1646 1611 1687 1641 et
1735 1604 1856 1653 Hugo
1897 1603 1946 1641 de

223 1664 377 1701 Sancto
410 1662 598 1700 Martiale
628 1662 825 1701 diaconus
856 1663 1076 1701 cardinalis
1104 1663 1220 1701 tituli
1249 1664 1425 1702 Sanctae
1456 1662 1609 1701 Mariae
1637 1662 1679 1700 in
1708 1662 1890 1701 Porticu.

278 1723 322 1760 P.
342 1722 433 1768 427,
453 1721 520 1771 lig.
541 1722 577 1760 3.
599 1722 817 1760 MAslelA.
839 1723 893 1760 Le
913 1722 1061 1772 depart
1082 1723 1129 1761 (10
1151 1723 1353 1761 Mar-seille
1372 1738 1412 1761 se
1435 1723 1482 1760 fit
1500 1723 1535 1761 le
1556 1723 1577 1760 2
1598 1723 1769 1760 octobre
1789 1721 1945 1772 (Mirot,

223 1782 283 1819 La
306 1781 498 1832 politiqzte
522 1781 766 1831 pontificale,
791 1796 831 1831 p.
859 1781 932 1819 157
958 1790 1000 1820 et
1023 1782 1184 1830 Archiv,
1208 1790 1240 1820 t.
1268 1798 1337 1829 vn,
1361 1798 1401 1833 p.
1428 1782 1502 1821 327
1528 1791 1570 1820 et
1594 1782 1702 1831 328).

279 1842 322 1879 P.
345 1840 436 1888 427,
457 1840 522 1890 lig.
545 1840 581 1878 8.
605 1841 825 1879 CORNETO.
850 1842 904 1879 Le
925 1855 1031 1892 pape
1053 1841 1189 1879 arriva
1211 1843 1232 1879 a
1257 1841 1433 1880 Corneto
1450 1842 1485 1880 le
1508 1841 1531 1879 6
1553 1842 1768 1880 decembre
1789 1841 1945 1892 (Mirot,

221 1915 287 1950 ορ.
314 1900 393 1947 cit„
417 1915 457 1950 p.
486 1899 574 1947 167,
599 1908 696 1938 note
729 1900 766 1947 3,
800 1908 841 1938 et
875 1900 1037 1948 Archiv,
1069 1909 1100 1939 t.
1136 1916 1205 1948 v11,
1230 1916 1270 1951 p.
1303 1901 1412 1951 327),
1438 1902 1471 1939 10
1496 1901 1518 1938 2
1552 1901 1714 1952 d'apres
1737 1901 1941 1939 Bertrand

223 1961 399 2008 Boysset
422 1959 601 2009 (Archiv,
623 1967 654 1998 t.
678 1974 747 2007 v11,
769 1974 809 2009 p.
833 1960 941 2009 328).

279 2020 323 2057 Ρ.
352 2019 442 2066 427,
470 2018 536 2068 lig.
568 2018 629 2057 11.
662 2019 840 2057 ROMAM.
870 2019 967 2057 Voir
994 2020 1156 2066 Archiv,
1183 2027 1215 2058 t.
1246 2035 1314 2067 vn,
1342 2035 1381 2070 p.
1410 2020 1500 2058 329.

280 2079 323 2116 P.
349 2078 440 2125 427,
465 2078 532 2128 lig.
559 2078 621 2116 13.
650 2079 895 2117 RECEPTUS.
923 2079 978 2116 La
996 2079 1207 2129 reception
1232 2079 1332 2117 faite
1357 2093 1410 2117 au
1432 2093 1539 2130 pape
1564 2093 1586 2117 a
1604 2081 1668 2117 ete
1693 2078 1847 2117 decrite
1871 2092 1947 2129 par

225 2139 270 2176 L.
299 2137 422 2175 Mirot
449 2138 528 2187 (op.
557 2137 636 2185 cit„
663 2152 702 2188 p.
732 2137 937 2187 176-178).

280 2198 324 2235 P.
352 2197 443 2244 427,
470 2196 537 2246 lig.
567 2197 628 2235 17.
655 2198 996 2235 BANDARENSES.
1026 2197 1249 2236 Sabellicus
1277 2198 1450 2236 ennead.
1482 2197 1558 2245 IX,
1577 2198 1647 2236 lib.
1680 2197 1907 2248 IX,p.822
1937 2214 1945 2236 :

225 2256 293 2294 Sic
311 2256 419 2293 enim
445 2256 679 2294 Germanico
699 2257 811 2294 verbo
831 2257 954 2294 dictos
973 2257 1125 2307 reperio
1145 2257 1212 2307 qui
1242 2272 1348 2295 nunc
1366 2257 1576 2307 regionum
1604 2257 1738 2307 capita
1758 2257 1946 2295 dicuntur

225 2331 248 2353 (z
269 2315 424 2353 vexillis
446 2312 591 2365 quibus
613 2316 655 2353 in
680 2316 774 2353 bello
796 2317 1021 2363 utebantur,
1041 2316 1141 2354 inter
1161 2331 1200 2354 se
1222 2317 1402 2364 diversis,
1425 2325 1467 2355 ut
1486 2316 1668 2354 deczfcrzfae
1687 2317 1804 2366 signo
1826 2316 1944 2354 inter—

227 2384 476 2412 noscerentur
509 2375 656 2425 aliqua.
698 2376 782 2413 Vox
816 2376 907 2425 ipsa
940 2377 1035 2413 adeo
1070 2376 1216 2414 inoluit
1249 2385 1292 2414 ut
1327 2377 1540 2414 banderam
1575 2376 1748 2414 militare
1780 2376 1947 2426 signum

226 2449 332 2471 nunc
361 2448 508 2484 quoque
536 2443 613 2472 tota
642 2443 744 2472 vocet
775 2435 910 2473 Italia..

280 2494 323 2531 P.
346 2493 436 2540 427,
459 2493 525 2543 lig.
549 2493 611 2531 32.
636 2494 879 2532 FRANC1sco
907 2509 959 2531 un
984 2495 1103 2542 V1co,
1127 2494 1211 2532 filio
1232 2495 1345 2532 haud
1367 2495 1489 2533 dubie
1525 2494 1714 2541 Joannis,
1736 2494 1807 2544 qui
1826 2508 1944 2545 prae—

227 2553 431 2590 fecturam
457 2552 577 2591 Urbis
604 2553 728 2602 gessit
751 2554 1010 2604 temporibus
1036 2553 1257 2593 Clementis
1283 2555 1340 2592 VI
1364 2563 1405 2592 et
1433 2553 1665 2593 Innocentii
1689 2554 1762 2601 VI,
1786 2562 1828 2592 et
1850 2562 1944 2591 tum

237 548 249 569 v·

225 549 263 582 1.

231 593 247 641 ''lfi

275 2671 306 2702 1.
336 2671 511 2710 Bulaeus,
540 2671 712 2704 Historia
743 2672 1005 2705 Uniuersitatis
1032 2672 1273 2712 Parisionsis,
1304 2679 1330 2706 t.
1358 2685 1408 2706 1v.
1437 2692 1486 2695 -—
1512 2672 1583 2705 Sur
1609 2673 1807 2706 l’attitude
1836 2674 1880 2706 de
1908 2673 1945 2706 la

227 2723 366 2756 ramille
386 2725 434 2756 du
453 2736 561 2767 pape,
581 2725 663 2758 voir
678 2737 751 2758 une
771 2726 935 2769 depecbe
954 2726 1150 2769 imprimee
1169 2738 1237 2769 par
1255 2726 1295 2759 L.
1314 2726 1428 2759 Mirot
1444 2726 1699 2770 (Lapolitiqne
1715 2727 1942 2770 pontificale,

227 2788 260 2818 p.
292 2778 373 2815 156,
406 2783 493 2809 note
524 2778 572 2820 4).

277 2830 307 2861 2.
331 2830 420 2862 Voir
439 2831 537 2863 aussi
560 2831 598 2864 F.
622 2831 821 2865 Duchesnc
846 2832 1024 2874 (Histoire
1045 2833 1085 2865 de
1104 2838 1183 2865 lons
1203 2833 1251 2865 les
1271 2833 1478 2865 cardinauoe
1495 2832 1670 2875 francois,
1691 2839 1720 2866 t.
1739 2845 1777 2873 11,
1798 2844 1835 2876 p.
1855 2833 1946 2867 437-

227 2883 325 2925 449),
348 2883 531 2916 Muraiori
557 2885 597 2926 (t.
618 2883 685 2924 111²,
709 2885 776 2918 col.
800 2886 989 2929 690-712),
1013 2886 1210 2918 Ciaconius
1236 2886 1276 2928 (t.
1297 2898 1334 2925 11,
1357 2886 1425 2918 col.
1449 2886 1636 2929 576—589).
1660 2886 1708 2919 M.
1733 2886 1775 2919 E.
1799 2886 1944 2919 Perrier

230 2934 465 2978 (D'Awignon
489 2938 508 2969 (ὶ
530 2937 653 2970 Rome.
679 2938 877 2971 Ilinc'raire
898 2939 938 2971 dc
964 2939 1134 2981 Gregoire
1153 2939 1227 2978 XI,
1246 2939 1338 2971 dans
1356 2939 1554 2972 Me'moires
1577 2940 1617 2972 de
1638 2939 1863 2972 l⁷.=—1cade}mie
1883 2940 1944 2972 des

225 2989 394 3025 sciences,
418 2990 533 3022 lettres
553 2996 583 3023 el
607 2991 815 3024 bema-arts
837 2992 877 3024 (Ie
898 2992 1100 3031 AIarseillc,
1124 2999 1149 3025 t.
1174 3004 1197 3024 v
1222 2992 1472 3035 (1908-19111),
1496 3004 1530 3035 p.
1554 2993 1727 3036 337-392)
1753 3004 1773 3024 a
1795 2993 1942 3026 traduit

228 3041 257 3072 10
278 3045 408 3083 postule
429 3043 471 3074 (10
491 3043 611 3075 Pici-rc
632 3044 753 3076 Amic]
773 3057 818 3077 cn
838 3045 1013 3086 franqais,
1033 3052 1067 3077 ct
1089 3057 1109 3077 a
1139 3047 1394 3088 accompagne
1423 3057 1464 3078 sa
1490 3045 1711 3078 traduction
1739 3046 1942 3079 d’annota-

229 3094 326 3125 lions
349 3096 530 3128 cxli-aitcs
554 3097 616 3128 (les
640 3098 810 3130 archives
835 3099 878 3130 dc
900 3099 935 3130 la
958 3098 1043 3130 ville.
1067 3099 1110 3131 de
1133 3098 1330 3132 Marsoille.

276 3147 307 3178 3.
332 3148 475 3184 Archiv,
499 3155 523 3180 L.
547 3161 608 3187 vu,
630 3161 663 3192 p.
686 3151 858 3184 325-331.
