2083 3458
274 238 357 280 526
917 251 1068 276 NOTAE
1103 251 1163 276 AD
1198 249 1325 276 V1TAs
1826 232 1980 290 [1008]

276 340 491 380 retinenda
513 339 715 389 dignitate
735 352 822 385 sua,
838 351 919 374 non
935 337 1068 374 solum
1087 335 1248 400 scriptis
1272 335 1325 372 ad
1343 334 1546 388 principes
1564 343 1605 372 et
1626 335 1833 384 praelatos
1854 335 1981 373 literis

285 414 376 438 cam
401 399 507 437 tueri
533 398 669 436 conati
694 405 803 443 sunt,
831 396 900 434 sed
926 396 1051 433 etiam
1076 394 1207 432 missis
1232 393 1519 443 legationibus.
1551 394 1695 444 ltaque
1721 394 1905 433 Clemens
1930 394 1982 431 ad

278 460 348 497 dix
354 473 460 496 ersas
487 466 624 507 partes
652 456 758 494 orbis
784 464 988 493 terrarum
1014 453 1241 492 destinavit
1268 453 1473 492 joannem
1499 453 1547 491 de
1574 453 1717 492 Crosso
1744 454 1982 503 episcopum

280 517 604 563 Praenestinum,
643 515 906 553 Guillelmum
943 514 991 551 de
1027 512 1225 562 Agrifolio
1260 512 1549 562 presbyterum
1585 513 1835 552 cardinalem
1869 512 1983 550 tituli

279 577 418 615 Sancti
450 575 648 625 Stephani
678 574 717 612 in
751 574 886 612 Coelio
916 581 1071 620 monte,
1104 572 1336 611 Guidonem
1367 572 1416 610 de
1447 572 1662 610 Malesicco
1692 572 1983 622 presbyterum

279 637 391 674 tituli
417 636 590 673 Sanctae
616 634 753 672 Crucis
777 633 819 670 in
847 632 1117 680 Hierusalem,
1145 639 1186 670 et
1211 632 1381 669 Petrum
1407 631 1455 669 de
1482 631 1599 669 Luna
1625 631 1846 671 diaconum
1869 631 1984 669 tituli

278 696 454 734 Sanctae
493 694 643 731 Mariae
680 693 722 730 in
760 692 990 730 Cosmedin.
1032 692 1085 729 Et
1123 691 1341 729 Guillelmo
1379 690 1546 740 quidem
1584 690 1734 741 obtigit
1769 691 1983 741 provincia

280 755 519 799 Germania3
538 752 590 790 ad
610 766 734 802 quam
752 751 960 801 profectus
980 759 1042 789 est
1060 751 1124 789 die
1143 765 1231 787 xvu
1250 750 1458 800 sequentis
1477 751 1627 789 mensis
1644 750 1839 800 januarii,
1857 758 1905 788 ut
1922 758 1984 788 est

279 816 320 852 in
334 814 436 851 libro
452 812 764 861 Obligationum.
785 811 828 848 ln
844 811 989 849 itinere
1004 824 1124 860 porro
1139 818 1350 848 assecutus
1366 818 1427 849 est
1443 809 1674 849 Guidonem
1689 810 1737 848 de
1752 810 1981 858 Malesicco,

278 874 349 923 qui
366 873 429 911 die
447 872 592 910 ultima
611 870 836 909 decembris
853 871 1057 920 ingressus
1075 868 1163 908 erat
1180 870 1292 907 viam
1309 877 1356 907 ut
1371 870 1413 908 in
1430 869 1622 919 Angliam
1638 869 1980 919 proficisceretur.

280 933 413 969 Ambo
441 946 534 981 ergo
562 931 773 969 Lutetiam
801 930 1061 974 advenerunt
1087 930 1211 979 paulo
1247 937 1342 979 post
1379 929 1536 967 Pascha
1555 929 1583 977 1,
1611 929 1681 967 ubi
1708 928 1933 967 honorifice
1959 925 1982 967 a

279 1006 370 1041 rege
388 991 547 1041 accepti
565 999 606 1028 et
624 989 796 1039 benigne
815 989 948 1027 auditi
966 997 1063 1027 sunt
1080 989 1121 1026 in
1140 997 1274 1026 castro
1294 989 1495 1054 Lupaffl‘ffi
1514 997 1561 1026 ut
1579 989 1699 1027 docet
1718 988 1985 1026 continuator

281 1052 459 1089 Gallicus
480 1049 662 1099 Nangii⁹
648 1065 662 1071 -
682 1049 779 1098 :qui
798 1049 916 1086 addit
935 1049 998 1087 die
1016 1048 1205 1086 mercurii
1225 1056 1373 1097 quarta
1392 1048 1490 1087 maii
1508 1048 1653 1087 datum
1681 1048 1804 1086 fuisse
1831 1047 1984 1097 pileum

279 1110 452 1149 rubeum
486 1109 683 1148 cardinali
717 1108 1083 1158 Augustodunensi
1115 1122 1187 1158 pei
1220 1108 1426 1146 joannem
1460 1108 1508 1146 de
1542 1108 1685 1146 Crosso
1719 1107 1983 1155 cardinalem,

279 1169 564 1220 praesentibus
600 1183 692 1218 rege
732 1168 884 1206 Karolo
921 1176 962 1206 et
998 1167 1158 1205 duobus
1196 1167 1473 1205 cardinalibus
1510 1182 1632 1217 supra
1669 1166 1906 1214 nominatis,
1944 1174 1985 1205 et

280 1244 420 1267 omnes
444 1243 537 1267 cum
560 1242 651 1277 rege
674 1242 845 1277 pransos
870 1242 955 1266 esse
976 1227 1019 1265 in
1043 1227 1187 1265 eodem
1211 1235 1346 1265 castro
1371 1227 1570 1277 Luparae.
1597 1227 1702 1264 Tum
1726 1226 1902 1264 sabbato
1926 1240 1984 1264 se-

280 1289 438 1339 quenti,
461 1288 501 1325 id
525 1296 599 1335 est,
606 1260 687 1325 odie
710 1287 886 1337 septima
910 1287 1095 1337 ejusdem
1117 1287 1281 1334 mensis,
1305 1286 1449 1324 habito
1473 1286 1619 1325 celebri
1643 1293 1848 1324 conventu
1873 1284 1985 1335 apud

281 1363 423 1387 nemus
455 1345 777 1394 Vicennarum3,
817 1347 1043 1385 cardinales
1083 1346 1216 1384 auditi
1247 1346 1357 1384 fuere
1388 1360 1410 1383 a
1440 1360 1532 1395 rege
1553 1346 1595 1384 in
1626 1359 1749 1383 causa
1774 1344 1984 1384 electionis

280 1408 456 1445 duorum
490 1407 833 1445 contendentium
866 1406 914 1445 de
947 1414 1121 1456 papatu,
1157 1406 1295 1455 eisque
1329 1406 1428 1443 data
1463 1413 1524 1443 est
1556 1405 1766 1455 responsio
1798 1404 1911 1454 justa
1945 1411 1986 1442 et

280 1466 552 1514 rationabilis,
583 1474 630 1504 ut
659 1466 718 1504 ait
745 1466 855 1504 idem
885 1465 1163 1504 continuator.
1198 1465 1257 1504 De
1287 1465 1431 1503 eodem
1461 1473 1669 1503 conventu
1699 1478 1823 1513 aoens
1854 1463 1984 1501 Urba—

282 1527 389 1565 nista
412 1526 522 1576 apud
548 1526 773 1564 Henricum
795 1525 844 1563 de
869 1525 1031 1573 Hassia,
1053 1526 1094 1563 in
1117 1539 1205 1575 cap
1232 1539 1315 1562 Lxu
1334 1524 1514 1573 Dialogi,
1537 1524 1596 1562 ait
1611 1523 1657 1546 4·
1650 1524 1742 1562 ,Et
1760 1523 1797 1561 si
1827 1523 1986 1560 modum

279 1595 315 1624 et
334 1600 559 1635 processum
582 1585 625 1623 in
647 1584 729 1623 illis
750 1584 932 1622 consiliis
952 1585 1085 1632 scires,
1109 1584 1235 1622 nichil
1254 1593 1286 1622 te
1308 1598 1456 1621 movere
1476 1583 1635 1622 deberet.
1650 1555 1770 1621 ‘Nam
1793 1582 1835 1620 in
1856 1582 1986 1632 primo

280 1645 366 1694 ejus
386 1645 552 1683 consilio
572 1659 655 1682 vere
674 1644 1008 1694 solempnissimo,
1029 1653 1140 1694 parte
1159 1644 1429 1682 cardinalium
1448 1643 1600 1691 audita,
1623 1657 1702 1680 non
1720 1650 1831 1692 parte
1850 1642 1985 1689 altera,

281 1706 473 1742 decretum
492 1704 572 1753 suit
590 1718 718 1753 regem
739 1704 872 1741 debere
892 1718 931 1740 se
954 1704 996 1740 in
1016 1718 1210 1753 suspenso
1231 1712 1368 1742 tenere.
1394 1703 1445 1740 In
1464 1703 1634 1740 secundo
1655 1702 1821 1740 consilio
1841 1715 1985 1751 pauco-

282 1779 383 1812 rum,
403 1764 582 1814 qualium
601 1772 718 1811 taceo,
738 1763 774 1800 si
792 1763 843 1800 ad
860 1763 1107 1812 affectionem
1125 1763 1177 1800 ad
1194 1772 1345 1812 partem
1364 1771 1687 1811 congregatorum
1706 1776 1785 1799 non
1803 1760 1985 1808 discutiO,

281 1823 651 1872 supervenientibus
672 1823 911 1873 quibusdam
934 1822 1045 1860 novis
1066 1822 1335 1860 cardinalium
1356 1822 1494 1869 literis,
1511 1821 1702 1859 dominus
1723 1835 1789 1858 rea:
1810 1820 1985 1858 determi-

284 1883 392 1920 navit
410 1897 481 1932 pro
499 1883 668 1920 secundo
688 1883 812 1921 electe.
838 1881 888 1919 In
907 1882 1017 1920 tertio
1036 1882 1123 1931 ejus
1142 1881 1309 1935 consilio
1327 1890 1415 1931 post
1432 1881 1643 1918 adventum
1662 1881 1784 1919 trium
1803 1880 1985 1918 cardina-

281 1942 383 1979 lium
411 1942 600 1979 Parisius
629 1942 672 1979 in
700 1950 824 1993 castro
854 1941 1025 1978 nemoris
1058 1941 1328 1979 Vincenarum
1357 1940 1543 1978 celebrato
1572 1955 1638 1978 rex
1664 1940 1869 1989 presidens
1898 1954 1987 1977 cum
2031 1937 2034 1940 ⁴

283 2010 448 2051 quatuor
477 2001 766 2049 cardinalibus,
798 2000 976 2050 antiquis
1006 2000 1146 2048 tribus,
1178 2009 1212 2038 et
1242 2014 1320 2037 uno
1351 2014 1461 2047 novo,
1493 2000 1595 2038 discit
1622 2014 1662 2037 se
1694 1999 1746 2037 ad
1773 1999 1987 2036 secundam

282 2061 596 2108 determinatum,
625 2060 832 2098 exhortans
860 2068 902 2097 ut
927 2060 963 2097 ei
990 2060 1160 2097 dicerent
1187 2068 1318 2097 utrum
1348 2059 1439 2096 bene
1468 2068 1502 2097 et
1528 2058 1819 2097 rationabiliter
1847 2059 1890 2096 in
1919 2058 1988 2095 hoc

281 2120 426 2168 jecerit.
444 2120 706 2157 Decreverunt
723 2134 870 2167 omnes,
890 2120 1026 2157 multis
1048 2119 1161 2157 aliter
1180 2119 1362 2168 fortassis
1386 2128 1546 2157 terrente
1566 2119 1765 2168 presentia
1789 2127 1987 2156 tantorum

284 2179 408 2217 dicere
426 2194 504 2216 non
521 2179 774 2226 audentibus,
794 2179 895 2228 quod
910 2179 979 2217 sic.
1000 2179 1129 2228 Super
1146 2193 1219 2229 quo
1237 2193 1303 2216 rea:
1318 2178 1370 2215 ad
1385 2178 1675 2216 excusationem
1691 2178 1757 2215 sui
1775 2178 1818 2215 in
1834 2191 1987 2214 omnem

281 2247 461 2276 eventum
488 2238 633 2276 dicitur
662 2239 923 2276 instrumenta
951 2238 1140 2288 recepisse
1168 2238 1333 2275 nomina
1359 2252 1492 2275 eorum
1520 2237 1747 2275 clericorum
1775 2237 1842 2287 qui
1871 2236 1986 2274 inter-

283 2298 444 2346 fuerunt
463 2298 628 2335 consilio
648 2298 902 2336 continentia.

339 2357 442 2395 Nolo
462 2357 718 2395 dissimulare
739 2357 1023 2405 Urbanistam,
1045 2357 1161 2406 cujus
1177 2365 1274 2395 sunt
1289 2357 1414 2395 verba
1431 2356 1654 2406 superiora,
1671 2364 1819 2394 cuncta
1838 2355 1986 2393 referre

282 2416 336 2453 ad
367 2417 451 2454 vim
483 2424 523 2454 et
554 2417 850 2454 auctoritatem
881 2417 983 2466 regis
1016 2416 1272 2466 prohibentis
1304 2431 1353 2454 ne
1385 2416 1474 2465 quis
1507 2415 1762 2465 obstreperet
1799 2414 1988 2453 electioni

287 2476 517 2514 Clementis.
546 2476 615 2513 Ait
635 2475 649 2497 5
682 2476 789 2514 enim
822 2476 863 2514 in
889 2476 1023 2525 capite
1050 2490 1148 2513 Lxlv
1176 2491 1183 2513 :
1209 2475 1307 2513 Ecce
1331 2475 1532 2522 Parisius,
1560 2475 1629 2512 ubi
1653 2475 1740 2512 licet
1763 2484 1837 2512 tres
1861 2473 1986 2511 cardi-

286 2536 406 2582 nales,
434 2535 500 2584 qui
526 2535 711 2572 omnibus
735 2535 852 2584 factis
877 2544 1072 2584 presentes
1095 2535 1266 2584 juerant,
1293 2534 1551 2584 personaliter
1575 2534 1834 2584 predicarent,
1861 2532 1986 2570 nichi-

284 2593 459 2631 lominus
481 2594 680 2642 negotium
700 2594 758 2631 sic
779 2594 946 2631 dubium
968 2594 1117 2632 mansit
1137 2594 1238 2644 quod
1257 2594 1293 2630 si
1315 2594 1429 2631 corda
1451 2593 1670 2641 hominum,
1695 2608 1773 2630 non
1797 2593 1882 2630 dico
1904 2606 1985 2639 ora,

278 2662 592 2700 easarmarentur,
621 2668 769 2702 paucos
797 2654 945 2691 credere
975 2654 1171 2691 invenires
1197 2653 1366 2690 secundo
1394 2654 1553 2691 electum
1581 2667 1661 2690 esse
1688 2666 1849 2702 papam.
1881 2651 1988 2701 Quid

286 2711 409 2759 igitur
429 2712 576 2749 mirum
595 2713 631 2749 si
654 2713 695 2749 in
715 2713 810 2750 aliis
831 2714 963 2762 regnis
985 2727 1052 2750 nec
1072 2713 1154 2761 regi
1176 2712 1346 2749 Francie
1370 2727 1438 2750 nec
1457 2712 1732 2750 cardinalibus
1752 2712 1796 2749 de
1822 2711 1890 2747 hoc
1910 2725 1985 2748 cre-

283 2771 411 2817 datur,
444 2785 489 2808 ea:
520 2785 592 2821 quo
625 2771 826 2820 Parisius,
862 2772 904 2809 in
936 2773 1090 2810 civitate
1120 2772 1360 2821 sapientum,
1396 2771 1465 2809 ubi
1503 2786 1548 2809 est
1578 2780 1687 2821 parte
1719 2769 1986 2808 cardinalium

359 2945 365 2951 .
397 2918 486 2951 Vers
510 2919 541 2951 le
567 2920 609 2952 24
633 2920 727 2952 avril
751 2920 843 2953 1379
871 2920 1021 2964 (Valois,
1046 2927 1072 2954 t.
1095 2933 1120 2960 1,
1144 2932 1178 2964 p.
1205 2920 1300 2964 131).

401 2971 562 3004 Grandes
581 2973 797 3016 chroniques
817 2974 857 3006 de
876 2974 1018 3007 France
1041 2973 1109 3017 (ed.
1134 2974 1374 3013 Delachenal,
1397 2980 1423 3006 t.
1444 2986 1482 3013 11,
1506 2985 1539 3016 p.
1562 2973 1660 3016 361).

396 3024 521 3057 Valois
547 3024 622 3068 (op.
646 3027 717 3065 cit„
741 3032 766 3059 t.
788 3039 811 3065 1,
834 3038 869 3070 p.
894 3027 1078 3071 132-136).

359 3103 366 3109 .
397 3076 437 3109 B.
463 3077 521 3116 N.,
543 3089 609 3111 ms.
633 3078 726 3111 latin
748 3078 878 3118 14644,
901 3080 963 3113 fol.
987 3081 1056 3113 154
1077 3085 1127 3113 νο.

361 3156 366 3161 .
399 3129 463 3162 Ms.
491 3130 573 3169 cite,
600 3130 660 3163 fol.
688 3133 755 3165 155
779 3136 821 3165 r0.

332 2919 364 3161 C-WQPQJDffl
