2083 3458
140 264 292 321 [1291]
660 282 877 309 ΡΑΡΑΒυΜ
912 282 1297 308 AVENIONENsmM
1744 266 1828 308 809

185 363 288 414 [Fol.
306 363 382 401 276
397 364 451 414 r0]
474 381 487 397 «
508 365 606 404 Post
622 365 818 416 premissa
838 381 934 404 vero
955 366 1116 416 prefato
1141 366 1307 405 domino
1329 365 1412 415 regi
1433 366 1604 404 Castelle
1627 365 1826 411 exhibita,

127 431 381 474 presentata,
409 431 450 461 et
477 424 700 472 declarata,
730 425 1001 475 omnibusque
1028 425 1204 475 peractis
1231 433 1279 462 ut
1306 439 1428 475 supra
1455 440 1526 475 per
1553 424 1738 464 ordinem
1764 431 1827 462 est

127 496 380 533 expressum,
410 482 610 533 scriptum
630 492 670 522 et
694 484 970 533 designatum,
990 485 1157 523 demum
1179 483 1288 524 idem
1308 484 1496 522 dominus
1520 499 1591 522 rex
1611 483 1824 522 consilium

128 541 360 592 predictum
375 555 448 591 pro
465 542 605 580 debito
623 542 732 590 fidei,
748 543 952 590 veritatis,
969 551 1009 581 et
1024 542 1183 592 justitie
1195 557 1241 581 ac
1257 543 1476 581 securitate
1493 558 1562 581 sue
1579 542 1824 581 conscientie

126 600 302 639 libenter
326 601 594 650 amplectens,
620 602 843 651 volensque
870 602 1055 652 agnitam
1081 602 1300 640 veritatem
1325 595 1563 651 hujusmodi
1589 602 1669 640 suis
1695 601 1823 651 regni-

127 659 223 699 colis
239 659 521 709 universisque
538 660 688 699 Christi
706 661 894 699 fidelibus
912 669 1056 705 notam
1072 676 1170 708 esse,
1187 662 1238 699 ad
1251 661 1463 699 civitatem
1482 661 1824 708 Salamanfflnam,

126 718 198 756 ubi
225 718 411 758 studium
440 719 551 768 viget
581 721 779 769 generale,
810 735 902 759 cum
930 728 1021 758 tota
1051 734 1123 758 sua
1154 719 1263 758 curia
1293 728 1334 758 et
1363 720 1526 769 sequela
1557 735 1596 758 se
1631 719 1822 759 contulit.

129 779 182 815 Et
204 778 374 817 tandem
398 777 460 816 die
485 778 687 817 dominica
713 793 790 829 que
813 778 1108 817 intitulabatur
1131 794 1203 816 X1x
1229 779 1376 817 mensis
1401 779 1526 818 madii
1549 779 1646 816 anni
1668 794 1689 816 a
1718 778 1823 816 nati-

128 837 257 875 vitate
300 837 465 876 Domini
500 837 702 877 millesimi
726 838 1005 876 trecentesimi
1031 838 1299 887 octuagesimi
1321 838 1456 888 primi,
1481 838 1822 876 convenientibus

126 896 279 935 ibidem
302 897 355 934 ad
378 897 589 934 ecclesiam
614 898 893 936 cathedralem
917 912 1035 936 mane
1062 897 1178 946 quasi
1201 898 1298 934 hora
1322 897 1449 947 prime.
1468 897 1629 947 prefato
1654 897 1820 934 domino

125 970 215 1005 rege
241 970 334 995 cum
358 955 541 1005 prelatis,
568 956 771 994 nobilibus
798 965 839 994 et
865 956 1074 1003 litteratis,
1101 971 1147 993 ac
1184 956 1435 994 notabilibus
1473 956 1569 994 viris
1603 970 1819 1005 regnorum

125 1029 306 1062 suorum,
327 1014 396 1064 qui
413 1029 486 1065 pro
505 1015 743 1064 hujusmodi
763 1015 915 1064 negotii
933 1029 979 1053 ac
998 1015 1053 1053 rei
1073 1023 1181 1064 geste
1202 1015 1497 1065 perscrutanda
1517 1023 1557 1053 et
1576 1015 1817 1064 inquirenda

126 1073 299 1112 veritate
328 1073 375 1111 de
403 1074 601 1111 mandato
628 1089 700 1112 suo
728 1075 894 1112 fuerunt
921 1074 1096 1121 evocati,
1124 1082 1310 1124 presente
1340 1089 1501 1123 quoque
1528 1074 1681 1114 ibidem
1706 1089 1818 1112 reve-

125 1133 366 1171 rendissimo
386 1133 426 1170 in
447 1133 606 1171 Christo
626 1142 741 1184 patre
763 1142 801 1171 et
820 1133 985 1171 domino
1003 1133 1168 1170 domino
1187 1134 1307 1170 Petro
1328 1133 1374 1171 de
1397 1134 1511 1171 Luna
1530 1134 1676 1171 Sancte
1694 1133 1817 1172 Marie

125 1193 166 1230 in
195 1192 410 1230 Cosmedin
438 1192 610 1230 diacono
635 1192 831 1230 cardinali
858 1192 1079 1242 apostolice
1104 1192 1216 1230 Sedis
1238 1192 1388 1241 legate,
1417 1201 1457 1230 et
1494 1192 1699 1230 nonnullis
1729 1192 1816 1230 aliis

125 1251 290 1302 prelatis
311 1266 357 1289 ac
377 1251 570 1289 litteratis
593 1251 687 1289 viris
709 1252 965 1290 diversarum
985 1251 1201 1290 nationum
1221 1260 1261 1288 et
1278 1251 1473 1301 partium,
1495 1251 1718 1301 grandique
1739 1251 1816 1289 alia

125 1310 219 1349 cleri
253 1319 293 1348 et
329 1310 469 1360 populi
505 1310 785 1357 multitudine,
822 1310 890 1359 qui
919 1319 1087 1360 propter
1115 1311 1190 1348 hoc
1220 1310 1488 1357 advenerant,
1521 1310 1816 1360 celebratisque

125 1369 341 1409 missarum
371 1370 618 1420 solempniis,
649 1370 758 1409 idem
787 1369 1064 1409 serenissimus
1095 1384 1140 1407 ac
1171 1369 1529 1409 christianissimus
1559 1369 1746 1420 princeps
1776 1378 1818 1407 et

125 1429 313 1468 dominus
337 1444 421 1476 reX,
446 1429 610 1479 abjecto
635 1429 767 1479 primo
791 1429 920 1467 electo
944 1437 1092 1466 vocato
1116 1429 1406 1466 Bartholomeo
1431 1429 1478 1466 de
1505 1429 1696 1466 Priniano
1721 1428 1817 1468 olim

124 1488 428 1538 archiepiscopo
466 1488 632 1526 Barensi
672 1488 712 1525 111
752 1488 976 1538 apostolica
1017 1488 1117 1525 Sede
1156 1487 1328 1534 intruso,
1367 1502 1439 1537 pro
1479 1487 1736 1527 sanctissimo
1774 1487 1815 1525 in

125 1547 284 1586 Christo
310 1556 425 1598 patre
451 1556 492 1586 et
518 1547 684 1586 domino
711 1547 876 1585 domino
903 1548 1108 1586 Clemente
1135 1561 1241 1596 papa
1268 1547 1442 1596 septimo
1469 1547 1661 1585 canonice
1686 1547 1816 1584 electo

123 1621 301 1656 veroque
321 1607 448 1645 Jhesu
466 1606 615 1645 Christi
633 1606 785 1644 vicario
804 1621 843 1644 se
864 1607 1087 1652 declarans,
1108 1606 1428 1644 declarationem
1443 1620 1560 1643 5113111
1578 1605 1816 1655 hujusmodi

123 1666 164 1704 in
182 1665 341 1716 scriptis
360 1666 572 1705 redactam
588 1665 749 1716 publice
768 1674 809 1703 et
825 1665 909 1702 alta
928 1680 973 1703 ac
991 1664 1236 1714 intelligibili
1253 1680 1351 1703 voce
1369 1665 1444 1714 legi
1462 1673 1503 1702 et
1520 1665 1681 1703 recitari
1699 1664 1814 1711 fecit3

124 1726 240 1775 cujus
281 1734 399 1764 tenor
439 1740 506 1763 seu
550 1726 679 1764 forma
723 1726 770 1763 de
813 1725 936 1762 verbo
980 1725 1032 1761 ad
1070 1724 1242 1762 verbum
1283 1724 1467 1773 sequitur
1507 1732 1548 1762 et
1587 1733 1648 1762 est
1687 1724 1779 1762 talis
1807 1740 1815 1762 ε

127 1785 372 1831 JOHANNES,
406 1793 481 1823 ete.
502 1784 514 1806 ¹
540 1802 552 1817 s»

179 1844 232 1881 Et
249 1843 303 1882 sic
323 1843 552 1881 absolvitur
569 1843 644 1882 iste
663 1844 804 1889 codex,
824 1842 893 1892 qui
911 1843 950 1880 in
969 1842 1100 1889 initio,
1130 1842 1191 1880 uti
1222 1857 1343 1892 supra
1376 1857 1414 1892 p.
1445 1842 1545 1880 1283
1566 1841 1814 1890 monuimus,

123 1902 273 1941 dicitur
293 1918 376 1941 esse
396 1902 527 1952 prima
548 1918 641 1953 pars
661 1917 871 1953 processus
894 1901 993 1939 facti
1013 1910 1053 1939 et
1072 1901 1202 1938 habiti
1223 1916 1360 1940 coram
1379 1916 1468 1950 rege
1490 1901 1686 1939 Castellae
1705 1901 1752 1939 de
1774 1908 1815 1939 et

123 1977 244 2012 super
266 1970 409 2000 exorto
435 1977 563 2011 nuper
587 1961 806 2001 schismate
831 1961 872 1998 in
899 1961 1077 1999 Ecclesia
1107 1960 1179 1998 Dei
1203 1960 1306 1998 circa
1332 1960 1548 1998 electiones
1576 1959 1731 1998 Urbani
1757 1960 1813 1998 VI

123 2030 164 2060 et
189 2021 406 2059 Clementis
433 2022 526 2059 VII.

176 2080 362 2119 Secunda
381 2095 474 2129 ergo
493 2095 585 2130 pars
605 2080 790 2129 ejusdem
809 2094 1018 2129 processus
1038 2078 1214 2116 habetur
1232 2078 1273 2115 in
1292 2078 1427 2116 codice
1446 2078 1525 2116 314
1542 2077 1813 2116 bibliothecae

125 2139 380 2178 Colbertinae
402 2138 429 2186 2,
456 2139 525 2189 qui
551 2138 629 2176 fuit
655 2139 748 2176 olim
776 2137 930 2187 collegii
958 2137 1168 2184 Fuxensis‚
1193 2146 1336 2186 estque
1358 2137 1459 2175 alter
1478 2151 1619 2176 eorum
1640 2137 1812 2174 duorum

125 2213 224 2248 quos
263 2207 559 2238 commemorat
600 2197 797 2236 Henricus
837 2197 1095 2247 Spondanus.
1137 2197 1210 2234 Est
1248 2204 1388 2234 autem
1425 2196 1610 2246 ejusdem
1649 2195 1815 2233 omnino

124 2257 419 2307 magnitudinis
447 2271 540 2296 cum
569 2257 814 2294 Harlacano.
843 2256 1036 2294 Continet
1063 2255 1157 2293 folia
1185 2255 1272 2293 244.

178 2316 361 2354 Primum
401 2316 485 2366 [fol.
518 2317 537 2354 1
567 2316 691 2353 r0—14
719 2314 770 2364 r0]
803 2315 978 2353 occurrit
1005 2322 1211 2352 tractatus
1242 2313 1396 2351 domini
1426 2313 1641 2351 cardinalis
1675 2312 1814 2351 Sancti

127 2375 338 2414 Eustachii
369 2375 417 2413 de
448 2383 621 2426 papatu,
655 2374 723 2424 qui
754 2375 795 2411 111
826 2374 913 2411 31115
946 2373 1152 2411 codicibus
1184 2381 1357 2417 vocatur
1386 2380 1591 2410 tractatus
1624 2372 1671 2410 de
1703 2372 1814 2410 facto

123 2434 354 2473 schismatis
383 2442 423 2472 et
450 2433 742 2484 impressionis,
764 2433 938 2483 scriptus
961 2432 1156 2469 adversus
1179 2431 1419 2472 electionem
1444 2430 1612 2469 Urbani.
1642 2431 1688 2468 In
1707 2431 1813 2469 calce

123 2508 219 2532 vero
242 2493 300 2531 ita
324 2493 573 2531 adnotatum
597 2501 659 2531 est
685 2509 691 2530 :
721 2492 927 2529 Tractatus
950 2491 1019 2529 iste
1040 2491 1192 2528 domini
1214 2490 1431 2527 cardinalis
1451 2489 1587 2527 Sancti
1606 2489 1814 2527 Eustachii

118 2553 201 2602 suit
232 2552 410 2602 inceptus
444 2552 485 2589 in
516 2552 670 2589 civitate
702 2552 903 2588 Fundana
934 2549 1134 2599 provincie
1165 2549 1388 2598 Campanie
1418 2563 1523 2586 anno
1554 2564 1577 2586 α
1614 2548 1816 2586 nativitate

121 2611 287 2650 Domini
315 2610 717 2649 MCCCLXXVIII
742 2611 786 2647 de
809 2623 938 2646 mense
958 2608 1181 2658 septembri,
1203 2616 1237 2645 et
1258 2608 1470 2657 completus
1489 2607 1684 2644 Avinioni
1710 2621 1817 2644 anno

122 2670 296 2720 sequenti
322 2671 367 2708 de
393 2684 521 2707 mense
547 2669 681 2707 martii
706 2683 774 2706 seu
799 2668 956 2718 aprilis.

187 2729 289 2779 [Fol.
315 2729 363 2766 14
385 2728 509 2766 r0-24
531 2727 591 2777 νο]
619 2727 774 2765 Littera
798 2725 1095 2776 archiepiscopi
1118 2724 1306 2763 Toletani
1328 2725 1380 2762 ad
1404 2724 1653 2763 cardinalem
1676 2724 1816 2763 Sancti

126 2787 353 2834 Eustachii,
372 2786 585 2825 continens
601 2786 726 2823 dubia
745 2801 865 2835 super
881 2785 1022 2823 eodem
1041 2792 1225 2822 tractatu
1243 2783 1505 2834 et‘responsio
1524 2783 1591 2833 [24
1608 2790 1651 2820 v⁰
1665 2805 1677 2810 -
1690 2783 1739 2821 29
1754 2783 1817 2834 νῦ]

123 2860 294 2896 sequens
324 2846 426 2884 circa
456 2860 637 2884 mensem
664 2844 907 2894 septembris
936 2843 1001 2881 vel
1028 2842 1204 2881 octobris
1231 2856 1340 2880 anno
1369 2842 1482 2880 1380.

187 2905 289 2955 [Fol.
326 2904 376 2942 29
412 2904 543 2941 v0-42
578 2904 632 2953 r0]
659 2904 877 2941 Tractatus
904 2901 1014 2940 Petri
1045 2902 1092 2939 de
1122 2900 1307 2939 Barreria
1339 2900 1554 2939 cardinalis
1594 2900 1816 2939 Aeduensis

125 2965 257 3003 sactus
278 2963 473 3001 '‘Parisius
509 2977 617 3000 anno
654 2976 676 2999 a
704 2961 925 2999 nativitate
955 2960 1118 2998 Domini
1146 2959 1472 2998 MCCCLXXIX
1503 2974 1573 2998 seu
1609 2959 1771 2997 LXXX
1807 2974 1817 2999 t

171 3096 202 3128 1.
233 3094 382 3133 Baluze‚
409 3099 435 3126 t.
460 3105 512 3134 1v,
537 3105 573 3137 p.
601 3094 680 3127 250.

172 3149 203 3181 2.
234 3147 274 3180 B.
306 3146 363 3186 N.‚
393 3158 460 3180 ms,
490 3146 584 3179 latin
613 3146 718 3179 1469.
