2083 3458
99 258 250 314 [10151
613 274 828 300 PAPARUM
864 275 1246 308 AVENJONENSIUM
1698 266 1781 308 533

85 363 194 394 trum
230 356 564 395 praedicatorum
599 355 958 405 Montispessulani
990 365 1038 394 ut
1069 366 1186 406 patet
1220 373 1269 396 ex
1302 359 1413 397 Actis
1446 360 1564 399 editis
1598 375 1620 400 a
1655 363 1776 401 Petro

87 414 274 463 Gariello,
290 429 376 465 par.
394 415 446 462 ΙΙ,
460 429 498 464 p.
516 414 601 462 103,
616 414 855 452 Praesulum
870 415 1235 463 Magalonensiam.
1253 417 1354 455 Item
1368 418 1580 457 brachium
1593 421 1776 470 ejusdem

85 475 216 512 sancti
238 474 382 511 datum
404 482 465 512 est
486 473 734 512 monasterio
756 474 931 512 fratrum
954 474 1288 513 praedicatorum
1311 476 1613 528 Parisiensium‚
1636 480 1687 518 ad
1709 496 1774 519 eos

87 532 268 571 delatum
286 547 307 570 3
327 533 486 571 Joanne
503 532 551 570 de
571 532 816 570 Dormannis
834 533 1050 572 cardinale.

140 591 183 630 P.
210 591 299 638 368,
324 592 389 641 lig.
417 591 477 630 23.
506 591 676 629 SEPTEM
702 605 834 629 ALIOS.
862 592 1134 630 Continuator
1160 593 1336 632 Gallicus
1364 594 1557 645 Nangii1,
1582 597 1776 638 Boninse·

87 650 216 699 gnius,
252 659 396 689 auctor
431 650 633 688 Secundae
670 649 783 687 Vitae
818 650 988 697 Urbani,
1025 665 1162 689 omnes
1199 654 1422 701 coaetanei,
1458 655 1524 693 sed
1560 655 1601 693 in
1636 657 1776 706 primis

87 709 287 747 Garoscus
312 709 360 747 de
385 709 591 747 Ulmoisca
615 709 744 747 veteri
764 708 790 756 2,
817 709 884 757 qui
909 717 998 746 tum
1023 718 1109 747 erat
1133 710 1173 747 in
1198 712 1306 749 curia
1334 712 1534 762 Romana,
1559 716 1777 764 perhibent

86 768 191 806 hanc
222 769 471 807 creationem
500 768 622 806 fuisse
649 775 741 805 octo
771 768 1054 815 cardinalium,
1087 769 1234 818 quibus
1252 773 1456 809 consentit
1483 773 1607 811 etiam
1634 784 1777 813 auctor
1821 777 1823 782 '

87 827 221 864 NIaris
242 827 510 866 historiarum.
533 826 830 875 Boninsegnius
855 827 912 864 ait
936 841 1074 864 omnes
1100 828 1220 866 fuisse
1254 831 1585 870 ultramontanos
1616 842 1778 882 praeter

85 886 262 935 priorem
282 886 318 925 S.
341 886 450 924 Petri
470 886 518 924 de
539 885 661 924 Urbe.
683 885 956 923 Continuator
975 900 1070 923 vero
1092 886 1238 936 Nangii
1255 887 1270 909 3
1287 896 1327 926 et
1346 898 1491 928 auctor
1508 890 1643 929 Maris
1661 892 1777 931 histo-

85 945 237 982 riarum
261 945 439 983 secundo
463 945 571 983 inter
595 959 660 982 eos
685 945 773 982 loco
799 944 1015 981 nominant
1039 945 1318 994 patriarcham
1343 947 1681 998 Alexandrinum,
1708 953 1777 1001 qui
1806 952 1808 955 ’

84 1005 238 1054 primus
258 1004 495 1042 nominatur
512 1004 553 1041 in
572 1003 674 1041 libro
692 1003 836 1052 Angeli
854 1002 1090 1051 Massarelh',
1110 1019 1158 1041 ex
1178 1018 1258 1054 quo
1276 1017 1522 1056 acceperunt
1541 1008 1775 1059 Onuphrius

85 1063 309 1101 Panvinius
339 1071 380 1101 et
412 1063 524 1101 Felix
555 1062 821 1101 Contelorius.
856 1061 908 1099 Et
938 1063 980 1099 in
1007 1062 1111 1100 libro
1143 1063 1308 1112 quidem
1339 1065 1560 1105 Massarelli
1591 1077 1630 1106 et
1667 1070 1777 1119 apud

86 1122 358 1172 Onuphrium,
386 1130 477 1160 tum
504 1122 629 1159 etiam
656 1120 765 1170 apud
792 1120 1007 1168 Bzovium‚
1035 1135 1099 1159 an.
1131 1121 1244 1170 1368,
1279 1123 1352 1170 §.8,
1374 1133 1547 1163 vocatur
1573 1126 1776 1166 Arnaldus

83 1181 280 1220 Bernardi
301 1181 535 1230 patriarcha
558 1179 880 1225 Alexandr-inus3
910 1194 982 1229 pro
1005 1194 1085 1228 quo
1100 1182 1204 1219 male
1225 1183 1335 1231 apud
1358 1183 1635 1224 Contelorium
1655 1187 1778 1237 scrip—

84 1248 175 1279 tum
194 1248 255 1278 est
274 1240 480 1277 Arnaldus
499 1238 723 1277 Bertrandi.
749 1239 1022 1287 Investiganti
1042 1247 1182 1278 autern
1202 1241 1301 1279 mihi
1322 1243 1410 1290 quis
1432 1243 1553 1281 fuerit
1573 1244 1636 1283 1110
1656 1245 1778 1284 1101110

86 1300 261 1337 occurrit
292 1299 520 1337 Arnaldum
551 1298 830 1348 patriarcham
862 1297 1188 1337 Alexandrinum
1220 1299 1341 1338 fuisse
1373 1310 1619 1351 perpetuum
1650 1304 1778 1343 admi-

85 1359 348 1396 nistratorem
383 1357 585 1396 Ecclesiae
619 1357 864 1395 cathedralis
897 1365 937 1394 et
970 1357 1229 1406 episcopatus
1264 1358 1554 1399 Montisalbani
1587 1362 1639 1399 ab
1671 1377 1779 1402 311110

56 1431 61 1438 ·
84 1419 231 1456 saltem
249 1417 486 1455 MCCCLXI
505 1430 633 1465 usque
651 1416 701 1453 ad
721 1429 876 1453 annum
894 1415 1232 1463 MCCCLXVIII,
1251 1432 1426 1467 eumque
1444 1429 1639 1458 vocatum
1657 1422 1778 1461 fuisse

85 1477 313 1515 Arnaldum
347 1474 656 1524 Peyraredum4
686 1475 815 1524 reperi
847 1475 889 1512 in
921 1474 1115 1512 Chronico
1148 1474 1353 1524 Aymerici
1386 1478 1433 1516 de
1469 1478 1658 1527 Peyraco.
1680 1481 1780 1519 Acta

85 1535 440 1573 Montalbanensia
461 1534 608 1584 quibus
631 1534 776 1571 deinde
798 1534 908 1571 usuri
930 1548 1068 1572 sumus
1091 1534 1304 1573 nobiscum
1326 1536 1577 1586 perhumane
1599 1553 1778 1578 commu-

86 1596 222 1634 nicata
256 1595 366 1632 fuere
399 1601 431 1631 a*
454 1595 541 1632 viro
574 1593 797 1631 clarissimo
832 1593 952 1631 Petro
984 1594 1019 1631 le
1053 1594 1176 1641 Clerc‚
1210 1595 1415 1633 advocato
1450 1596 1778 1637 Montalbanensi

96 1655 137 1705 [†
158 1654 304 1692 fcvrier
329 1652 467 1703 1696}

139 1714 321 1751 Primum
367 1712 549 1750 omnium
594 1711 749 1761 reperio
794 1711 1116 1749 instrumentum
1161 1714 1477 1762 permutationis
1523 1717 1778 1765 quorumdam

83 1773 290 1822 feudorum
315 1786 360 1808 ac
383 1771 579 1808 obliaram
603 1770 702 1819 facte
727 1770 827 1807 inter
851 1771 1101 1807 reverendum
1137 1771 1179 1808 in.
1204 1771 1359 1810 Christo
1392 1782 1542 1822 patrem
1576 1774 1781 1813 dominum

85 1831 311 1870 Arnaldum
325 1829 592 1879 patriarcham
608 1829 927 1866 Alexandrinam
942 1838 976 1867 et
990 1830 1349 1868 administratorem
1364 1841 1596 1881 perpetuum
1612 1834 1783 1872 Ecclesie

85 1889 382 1929 Montisalbani
407 1889 603 1939 quondam
628 1897 663 1926 et
687 1887 906 1925 venerabile
934 1889 1155 1938 capitulum
1182 1891 1352 1928 Ecclesie
1377 1891 1609 1930 cathedralis
1629 1893 1780 1932 Monti-

84 1949 257 1997 salbani,
278 1963 327 1986 ex
347 1963 427 1997 quo
459 1963 527 1986 seu
547 1948 684 1998 potius
704 1961 753 1985 cx
768 1947 880 1984 Actis
898 1947 978 1985 illic
996 1948 1158 1987 insertis
1179 1958 1289 1987 certo
1310 1951 1512 1999 colligitur
1538 1951 1779 2000 Arnaldum,

66 2008 363 2060 ,patriarcham
399 2007 737 2054 Alexandrinum,
774 2006 896 2044 fuisse
933 2015 1179 2056 perpetuum
1215 2008 1593 2048 administratorem
1629 2012 1780 2060 episco-

84 2076 206 2119 patus
235 2066 525 2104 Montisalbani
553 2080 661 2103 anno
688 2065 940 2112 MCCCLXI,
968 2066 1031 2104 die
1058 2068 1232 2116 septima
1260 2069 1407 2106 mensis
1436 2068 1627 2107 februarii
1647 2069 1671 2107 5.

142 2128 185 2164 111
206 2126 342 2165 codice
360 2133 505 2163 notato
523 2125 571 2172 P,
591 2125 657 2163 fol.
679 2124 767 2171 223,
782 2125 840 2162 ita
859 2124 1056 2174 scriptum
1076 2125 1252 2164 habetur
1271 2143 1277 2164 :
1294 2127 1512 2175 Amaldas,
1533 2129 1781 2166 miseratione

86 2186 224 2224 divina
250 2184 477 2235 patriarcha
503 2183 802 2221 Alexandrinus
829 2192 1115 2234 perpetuasque
1141 2186 1438 2224 administrator
1465 2185 1635 2224 Ecclesie
1663 2187 1779 2225 ‚Mon-

87 2245 290 2293 tisalbani‚
318 2244 370 2281 ad
395 2253 565 2281 eternam
592 2243 648 2280 rei
675 2243 916 2289 memoriam,
947 2244 1142 2281 universis
1169 2254 1202 2282 et
1227 2245 1402 2293 singulis
1427 2254 1622 2294 presentes
1649 2246 1781 2284 literas

87 2303 299 2354 recepturis
313 2304 492 2351 salutem,
509 2310 585 2340 etc.
606 2302 659 2339 Et
674 2302 777 2339 infra
798 2317 804 2338 :
820 2301 969 2339 Datum
984 2311 1017 2340 et
1032 2312 1158 2340 actum
1179 2303 1221 2340 in
1236 2304 1336 2341 dicto
1351 2304 1525 2352 capitulo
1541 2305 1638 2342 dicte
1655 2314 1780 2342 nostre

88 2363 252 2410 Eclesie,
273 2362 335 2399 die
354 2370 492 2412 quarta
512 2361 658 2398 mensis
678 2360 790 2407 maii,
811 2360 1068 2410 pontificatus
1087 2363 1332 2400 sanctissimi
1359 2363 1401 2399 in
1421 2362 1576 2400 Christo
1594 2364 1721 2412 patris
1747 2373 1781 2401 et.

86 2421 238 2460 domini
268 2421 390 2458 nostri
418 2420 570 2458 domini
605 2419 760 2456 Urbani
772 2419 910 2457 divina
922 2420 1169 2469 providentia
1181 2436 1285 2470 pape
1303 2421 1334 2457 l'v
1346 2436 1451 2459 anno
1463 2422 1592 2470 primo
1607 2431 1640 2459 et
1653 2422 1780 2460 indic-

137 2551 168 2584 1.
204 2550 365 2584 Grandes
382 2551 593 2594 chroniqucs
611 2551 809 2584 dez-Franco
829 2551 897 2594 (ed.
920 2550 1157 2590 Delachenal‚
1178 2556 1203 2582 t.
1222 2562 1259 2589 11,
1279 2561 1313 2593 p.
1335 2548 1470 2591 59-60).

138 2605 169 2637 2.
198 2603 347 2652 Baluze,
370 2610 396 2637 t.
418 2616 469 2643 lv,
492 2616 527 2647 p.
551 2605 631 2638 133.

136 2658 169 2690 3.
204 2657 366 2690 Grandes
388 2657 609 2700 chronique-s,
634 2657 706 2690 loco
728 2658 844 2691 citam.
868 2676 917 2680 —-
938 2657 991 2690 La
1013 2656 1229 2699 promotion
1251 2654 1473 2688 cardinalice
1498 2654 1541 2686 de
1565 2653 1783 2687 Montefias-

88 2722 179 2743 00110
206 2709 367 2753 comprit
393 2710 479 2742 bien
506 2710 589 2742 huit
614 2710 822 2743 cardinaux
852 2710 997 2752 (Eubel,
1025 2709 1254 2747 Hierarchia,
1283 2714 1308 2741 t.
1335 2720 1359 2747 1,
1388 2719 1422 2750 p.
1453 2707 1508 2749 21)
1538 2712 1576 2739 et
1602 2707 1783 2740 Albanes-

90 2763 283 2796 Chevalier
308 2761 455 2805 (Gallia
475 2763 675 2796 christiana
695 2763 904 2801 novissima,
927 2762 1127 2801 Marseille,
1151 2773 1184 2794 n.
1209 2761 1304 2803 577).

137 2816 170 2849 4.
198 2816 355 2849 Arnaud
379 2816 557 2856 Bernard,
586 2817 679 2849 dont
703 2817 727 2849 il
753 2816 864 2859 s'agit
888 2816 945 2855 ici,
973 2827 1017 2848 ne
1043 2815 1242 2858 s’appelait
1267 2824 1333 2856 pas
1361 2813 1409 2845 du
1437 2812 1591 2855 Pouget‚
1619 2812 1712 2845 mais
1739 2812 1782 2845 de

87 2868 124 2901 la
154 2869 346 2908 Perarede,
377 2869 400 2901 il
431 2869 525 2902 etait
554 2869 949 2902 vraisemblablement
978 2868 1213 2911 petit—neveu
1245 2867 1294 2899 du
1324 2865 1489 2898 cardinal
1519 2865 1704 2898 Bertrand
1734 2866 1784 2898 du

90 2920 245 2965 Pouget.
276 2922 305 2954 Il
331 2927 396 2954 eut
421 2920 737 2955 successivement
762 2921 1017 2954 l’archeveche
1045 2919 1430 2952 d'Aix-en-Provence
1459 2917 1515 2960 (14
1544 2918 1635 2950 aofit
1661 2919 1781 2961 1348),

88 2983 120 3007 10
155 2975 363 3018 patriar-cat
397 2974 661 3007 d'Alexandrie
705 2985 796 3006 avec
837 2974 873 3006 la
916 2974 1134 3006 commende
1179 2973 1222 3004 de
1264 2972 1429 3004 l’eveche
1464 2971 1507 3004 de
1548 2970 1784 3004 Montauban

93 3027 151 3070 (16
172 3023 255 3071 juin
277 3027 404 3070 1361);
427 3026 805 3060 Albanes-Chevalier
831 3025 978 3069 (Gallia
1000 3025 1213 3060 Christiana
1236 3024 1445 3064 novissima,
1469 3023 1557 3063 Aias,
1582 3025 1649 3057 001.
1675 3025 1784 3058 86-88

89 3086 128 3113 et
149 3080 273 3120 Instr„
297 3080 364 3113 001.
389 3080 510 3123 61-62)
535 3086 573 3112 et
596 3079 637 3114 E.
659 3080 753 3112 Albe
780 3077 943 3121 (Aulour
964 3079 1004 3112 de
1025 3079 1122 3112 Jean
1142 3078 1279 3118 XXII,
1303 3084 1330 3110 t.
1351 3090 1375 3117 1,
1399 3089 1433 3120 p.
1458 3076 1642 3120 153-155).

139 3134 170 3167 5.
199 3133 293 3166 Sans
318 3133 443 3172 doute,
468 3144 514 3165 en
535 3133 632 3174 style
656 3133 845 3172 moderne,
870 3132 975 3165 1362.
