2083 3458
247 257 328 299 462
884 271 1036 297 NOTAE
1071 271 1132 296 AD
1169 271 1297 296 VITAS
1831 253 1957 310 [947]

245 358 315 407 qui
347 371 480 395 coines
513 370 676 405 quoque
709 355 973 394 Nivernensis
1005 363 1106 394 erat.
1140 355 1326 394 Tandem
1357 369 1465 393 anno
1497 355 1712 395 millesimo
1743 354 1956 402 CCCLXI,

229 431 383 468 ‘mense
402 415 623 461 februario.
637 415 855 453 concordia
873 415 981 452 inter
998 429 1064 453 eos
1083 422 1278 452 revocata
1295 414 1375 452 fuit
1394 428 1517 465 opera
1536 415 1697 454 comitis
1717 414 1765 453 de
1778 414 1955 452 Tancar-

245 476 355 522 villa,
374 483 415 513 et
445 489 516 513 rex
548 475 729 512 ,Ioannes
760 482 979 524 propterea
1011 473 1195 513 Arnaldo
1224 473 1414 523 promisit
1444 488 1484 512 se
1515 474 1749 513 soluturum
1779 473 1957 512 sedecim

245 534 372 574 millia
401 534 601 583 regalium
630 547 863 580 aureorum,
896 547 1072 582 quorum
1103 541 1252 583 quarta
1281 547 1375 583 pars
1405 533 1447 570 in
1476 533 1683 583 praesenti
1715 533 1851 571 soluta
1881 540 1957 580 est,

244 594 425 643 reliquae
451 593 571 631 certis
596 592 783 631 terminis
809 592 1030 630 solvendae
1056 600 1187 630 erant.
1215 592 1389 630 Constat
1412 592 1454 629 id
1479 607 1530 630 ex
1553 593 1680 631 literis
1705 592 1823 642 regiis
1849 591 1958 630 datis

246 653 408 691 Parisiis
436 667 545 690 anno
573 652 804 699 MCCCLX,
831 651 874 689 id
901 660 963 690 est
989 651 1178 701 sequenti
1201 665 1340 690 mense
1367 651 1587 700 februario,
1617 665 1721 701 quae
1748 659 1896 689 extant
1915 650 1959 688 in

244 713 407 761 Regesto
435 712 673 749 LXXXIX
701 711 857 749 archivi
896 710 995 761 regii
1025 711 1167 758 Paris,
1203 711 1293 760 [JJ.
1325 709 1399 761 89]
1431 725 1518 761 cap.
1552 725 1686 758 van,
1716 710 1787 748 ubi
1813 710 1954 757 etiam,

243 786 333 822 cap.
364 786 451 817 xvl.
473 771 680 809 habentur
707 770 850 809 literae
878 770 1126 809 remissionis
1156 770 1288 809 eidem
1316 770 1499 808 Arnaldo
1528 778 1569 808 et
1597 770 1841 820 sequacibus
1871 769 1959 820 ejus

245 840 337 870 tum
368 845 596 869 concessae.
630 830 737 869 Tum
767 844 876 867 anno
908 829 1066 877 eodem,
1099 829 1163 867 die
1194 829 1319 867 tertia
1349 829 1454 879 julii,
1485 829 1596 868 idem
1621 844 1694 868 rex
1725 828 1891 876 statuit,
1911 836 1960 866 ut

246 890 594 940 quandocumque
626 889 783 928 domini
813 897 1044 928 castrorum
1075 889 1123 927 de
1156 889 1435 927 Dannemaria
1466 897 1506 927 et
1549 889 1597 927 de
1625 889 1822 936 Blenello‚
1853 902 1959 937 quae

246 949 401 987 tradita
433 949 599 988 fuerant
633 950 774 988 comiti
807 948 1036 995 Flandriae⁷
1073 963 1120 988 ea
1155 949 1311 988 vellent
1345 962 1599 998 recuperare,
1622 948 1831 988 solverent
1862 951 1960 987 ante

246 1009 386 1048 omnia
414 1008 632 1049 duodecim
656 1008 785 1048 millia
813 1007 1013 1059 regalium
1040 1022 1260 1045 aureorum
1281 1007 1465 1047 Arnaldo
1493 1008 1604 1047 data.

303 1067 475 1108 Interim
501 1068 673 1118 quidam
699 1070 927 1120 praedones
958 1067 1153 1107 Rhodani
1180 1081 1293 1107 oram
1327 1075 1576 1117 occupantes
1611 1067 1767 1105 obsessi
1795 1073 1895 1105 sunt
1917 1065 1959 1103 in

247 1129 428 1177 quodam
460 1136 595 1167 castro
628 1128 740 1176 quod
772 1126 1044 1174 Froissartus‚
1081 1137 1109 1166 t.
1138 1142 1191 1173 Vi.
1223 1140 1263 1176 p.
1300 1125 1434 1176 55-69,
1463 1135 1586 1164 vocat
1611 1124 1821 1175 Brignais,
1848 1133 1889 1166 et
1915 1127 1957 1165 in

247 1187 445 1226 conflictu
466 1187 508 1224 in
528 1201 610 1236 quo
632 1186 860 1237 superiores
887 1185 948 1224 illi
972 1186 1097 1229 fuere.
1124 1186 1303 1223 multum
1330 1185 1481 1224 enituit
1507 1185 1638 1224 virtus
1664 1184 1959 1235 Archipresby-

246 1247 339 1293 teri.
361 1246 430 1297 qui
452 1246 704 1296 gravissimis
723 1245 963 1284 vulneribus
985 1245 1210 1288 confossus.
1231 1246 1398 1283 demum
1417 1253 1562 1296 captus
1582 1253 1644 1283 est
1662 1259 1755 1283 cum
1773 1244 1960 1295 pluribus

246 1307 344 1345 viris
380 1305 607 1355 insignibus
639 1320 809 1344 suarum
840 1313 1085 1343 turmarum.

300 1364 420 1403 Anno
462 1364 726 1402 MCCCLXII
757 1364 1013 1403 matrimonii
1040 1365 1206 1402 vinculo
1240 1379 1281 1403 se
1319 1364 1458 1414 junxit
1493 1365 1679 1402 Joannae
1718 1365 1765 1402 de
1798 1362 1959 1401 Castro-

248 1425 418 1463 villano.
450 1433 497 1462 ut
524 1424 708 1463 ostendit
733 1422 920 1463 Andreas
955 1424 1211 1463 Duchesnius
1240 1424 1281 1461 in
1314 1422 1499 1461 Historia
1522 1421 1705 1473 familiae
1730 1422 1775 1461 de
1804 1422 1960 1460 Castro-

248 1484 412 1526 villano.
442 1499 491 1522 ex
539 1498 667 1534 eoque
706 1483 973 1522 matrimonio
1015 1491 1128 1521 ortus
1173 1492 1234 1521 est
1273 1483 1484 1534 Philippus
1533 1483 1581 1521 de
1618 1481 1802 1528 Cervola,
1841 1489 1961 1533 pater

254 1543 390 1582 Caroli
408 1553 449 1582 et
478 1541 748 1593 Margaret'ae.

302 1602 425 1641 Anno
444 1602 866 1641 MCCCLXIII1fu1t
881 1617 974 1641 cum
996 1603 1179 1640 exercitu
1201 1616 1273 1640 suo
1291 1603 1333 1640 in
1354 1602 1622 1651 Lotharrngia
1646 1609 1687 1640 et
1703 1601 1960 1650 Burgundia‚

249 1663 426 1713 praedas
450 1664 606 1712 ubique
632 1677 840 1710 exercens,
869 1662 995 1700 etiam
1020 1676 1150 1711 usque
1178 1660 1441 1700 pontisaram
1465 1669 1506 1699 et
1533 1660 1808 1707 Poissiaeum3
1831 1661 1961 1698 conti-

250 1730 401 1760 nuator
427 1722 590 1772 Nangii,
606 1729 636 1759 t.
664 1737 705 1770 11,
726 1736 766 1772 p.
789 1720 877 1760 329.

307 1782 507 1820 Henricus
548 1796 680 1819 comes
724 1782 1013 1818 Trastamarae
1049 1781 1091 1818 in
1139 1788 1323 1818 tractatu
1368 1779 1474 1818 inito
1524 1785 1631 1818 cum‘
1666 1780 1826 1818 Joanne
1868 1793 1960 1828 rege

253 1841 576 1889 Franciae‚anno
615 1839 894 1888 MCCCLXII‚
944 1839 1007 1878 die
1050 1854 1122 1876 XIII
1170 1841 1348 1889 augusti,
1394 1839 1505 1879 edito
1554 1838 1662 1877 inter
1704 1839 1964 1877 Probatz'ones

252 1901 439 1938 historiae
473 1901 686 1938 Bertrandi
727 1898 944 1948 Θιιεεσίίηί,
976 1914 1014 1950 p.
1056 1900 1145 1947 313,
1184 1900 1243 1937 ita
1278 1900 1337 1937 ait
1365 1915 1372 1937 :
1403 1899 1502 1936 Item
1541 1913 1611 1949 que
1647 1911 1746 1936 nous
1780 1906 1964 1936 metzrons

253 1969 335 1998 tout
367 1969 494 1998 nostre
527 1958 694 2009 pouvoir
725 1974 821 1997 sans
853 1959 995 2008 fraude
1026 1967 1189 1997 et-Sfflzs
1223 1957 1406 1996 mauvais
1443 1954 1570 2007 engin'
1596 1962 1620 1996 ὰ
1650 1971 1844 1995 emmener
1877 1971 1984 1995 avec'

255 2034 354 2057 nous
382 2020 473 2056 hors
499 2019 613 2057 dudit
638 2033 825 2069 royaume
844 2017 1146 2068 l’archiprestre‚
1164 2026 1198 2055 et
1212 2016 1322 2055 aussi
1344 2021 1368 2055 εὶ
1389 2026 1520 2055 mettre
1537 2017 1626 2055 hors
1644 2015 1757 2055 dudit
1776 2031 1966 2067 royaume

254 2087 341 2116 tous
364 2079 417 2116 les
441 2093 534 2128 gens
557 2079 671 2116 dudit
701 2078 960 2127 archiprestre
991 2092 1086 2115 sans
1107 2077 1257 2126 jamais
1279 2092 1304 2127 y
1326 2086 1526 2115 retourner
1553 2091 1656 2127 pour
1683 2076 1785 2126 faire
1817 2090 1963 2125 guerre.

256 2138 389 2175 Extat
406 2138 449 2175 in
470 2138 637 2187 regestis
658 2138 907 2188 parlamenti
931 2137 1168 2175 Parisiensis
1188 2145 1391 2174 arrestum
1408 2137 1542 2174 latum
1561 2150 1669 2173 anno
1687 2135 1966 2173 MCCCLXIV

255 2197 298 2234 in
330 2211 410 2246 quo
441 2212 512 2235 rex
543 2198 601 2235 ait
635 2198 736 2247 quod
766 2205 892 2234 nostre
931 2199 1017 2233 ame
1051 2205 1085 2234 et
1112 2196 1192 2245 secel
1223 2196 1412 2233 chevalier
1442 2196 1618 2233 Arnault
1657 2196 1701 2233 de
1731 2195 1899 2241 Cervole,
1923 2195 1968 2232 de

259 2265 388 2294 nostre
407 2257 543 2305 congie'
564 2265 598 2294 et
617 2257 772 2302 lieenee,
795 2271 819 2293 α
839 2256 1032 2305 entrepris
1052 2259 1076 2293 ἀ
1097 2263 1228 2292 mettre
1247 2255 1337 2292 hors
1366 2255 1411 2292 de
1440 2263 1567 2292 nostre
1587 2269 1774 2304 royaume
1793 2255 1848 2291 les
1874 2268 1968 2302 gens

262 2316 326 2353 des
352 2316 625 2366 cornpaignies
650 2324 780 2353 estans
815 2330 863 2352 en
890 2315 1018 2361 icelzd,
1047 2323 1081 2352 et
1105 2315 1158 2351 les
1185 2329 1315 2352 mener
1339 2323 1373 2351 et
1406 2314 1593 2351 conduire
1618 2328 1668 2351 οιι
1693 2314 1801 2351 saint
1833 2312 1969 2362 voiage

261 2374 504 2412 d’Outremer
532 2389 634 2425 pour
661 2374 834 2412 ιςεσοιινίν
859 2374 965 2411 Dieu
995 2382 1122 2411 contre
1151 2374 1204 2411 les
1233 2388 1452 2411 mesereans
1480 2382 1514 2411 et
1541 2373 1719 2410 ennemis
1748 2373 1792 2411 de
1819 2373 1860 2410 la
1887 2372 1966 2422 joy.
2014 2391 2017 2393 ·

264 2434 403 2472 Fuisse
438 2442 580 2472 autem
610 2434 726 2472 illum
757 2448 802 2472 ea
836 2441 1088 2483 tempestate
1122 2433 1164 2470 in
1198 2433 1381 2471 exercitu
1414 2432 1516 2481 regis
1550 2432 1669 2470 docet
1702 2432 1968 2478 Froissartus,

265 2502 293 2531 t.
318 2508 371 2540 VI,
393 2508 431 2543 p.
458 2493 544 2532 106.

318 2553 437 2590 Anno
455 2552 748 2599 MCCCLXIV,
767 2552 829 2590 die
848 2566 952 2588 xxiv
969 2551 1080 2599 maii,
1097 2559 1330 2601 pugnatum
1347 2559 1408 2589 est
1424 2550 1573 2588 acriter
1589 2558 1629 2588 et
1645 2551 1803 2600 magnis
1821 2542 1968 2587 animis

264 2611 384 2660 juxta
413 2612 694 2650 Cocherellum
719 2612 761 2649 in
790 2611 1044 2649 Normannia
1071 2611 1179 2648 inter
1206 2611 1383 2647 Francos
1411 2618 1451 2647 et
1480 2609 1700 2657 Navarros‚
1729 2617 1770 2647 et
1795 2609 1968 2647 victoria

267 2671 386 2708 cessit
408 2671 586 2709 Francis.
611 2670 753 2708 Officio
775 2685 847 2708 suo
868 2678 977 2708 recte
998 2670 1190 2707 functum
1211 2683 1292 2706 non
1314 2669 1437 2707 fuisse
1459 2663 1875 2718 Archipresbyterum
1894 2668 1909 2690 2
1927 2668 1969 2705 in

271 2729 345 2766 hae
360 2744 497 2779 pugna
514 2730 662 2779 legitur
677 2730 789 2779 apud
807 2729 1097 2776 Froissartum,
1125 2737 1154 2767 t.
1174 2743 1227 2775 VI,
1244 2743 1282 2778 p.
1302 2728 1487 2766 110-132.

322 2789 375 2825 Et
400 2789 439 2825 in
466 2790 593 2827 veteri
620 2789 890 2826 annotatione
916 2788 1027 2826 edita
1052 2788 1159 2827 inter
1184 2787 1444 2824 Probationes
1470 2786 1655 2824 historiae
1679 2786 1892 2824 Bertrandt'
1917 2787 1970 2824 du

274 2847 470 2895 Gne-sclin,
500 2863 537 2897 p.
571 2848 658 2895 197,
687 2848 748 2885 uti
776 2856 871 2898 post
899 2855 1267 2886 commemoratam
1294 2860 1384 2884 eain
1411 2860 1594 2896 pugnam
1630 2846 1799 2883 additur
1827 2861 1835 2883 :
1865 2845 1972 2884 Nota

269 2907 369 2955 qnod
396 2907 722 2957 Arclszresbyter
749 2906 840 2955 fecit
869 2906 926 2943 ibi
964 2906 1191 2944 mulieriter.
1225 2905 1366 2943 Falsus
1405 2913 1467 2943 est
1505 2919 1598 2954 ergo
1629 2905 1778 2943 Paulus
1811 2904 1970 2953 Hayus,

318 3043 346 3074 1.
378 3043 479 3081 1365,
503 3043 647 3086 ‹l'apres
671 3043 825 3082 Denisse‚
847 3055 903 3086 op.
926 3044 995 3082 cit,
1019 3050 1043 3076 t.
1064 3055 1100 3083 11,
1123 3055 1157 3086 p.
1179 3043 1259 3076 478.

318 3097 347 3127 2.
377 3095 446 3127 Sur
472 3096 661 3129 l’attitude
699 3097 892 3129 d'Arnaud
921 3098 964 3129 de
993 3096 1145 3129 Carvolc
1173 3097 1193 3128 a
1221 3096 1404 3136 Cocherel,
1435 3096 1513 3128 voir
1541 3095 1765 3128 Delachenal
1796 3094 1972 3137 (Histoire

267 3149 308 3179 cle
328 3148 473 3180 Chat-les
498 3149 537 3187 V,
563 3156 585 3181 ί.
606 3162 654 3187 111,
678 3162 711 3192 p.
734 3150 869 3192 54—55).
