2083 3458
271 255 350 296 72ss
917 267 1068 292 NOTAE
1103 267 1162 292 AD
1198 267 1325 292 VITAs
1828 251 1973 300 [1207

1959 266 1971 305 k-

272 351 463 398 Marsilia,
499 350 608 400 quod
641 358 747 388 esset
779 350 867 388 1000
901 349 1000 388 dicti
1034 349 1246 389 camerarii
1278 358 1319 388 et
1351 349 1438 399 ejus
1472 349 1559 388 vice
1592 350 1644 387 ad
1679 350 1988 388 observandum

271 410 462 449 conclave
490 409 656 459 quando
683 409 908 448 cardinales
936 417 1071 447 essent
1097 409 1207 447 intus
1235 410 1392 448 reclusi.
1424 409 1505 450 Iste
1532 424 1628 447 vero
1654 409 1803 449 timens
1832 410 1880 448 de
1906 410 1982 448 hiis

271 484 347 519 que
375 470 557 508 facerent
587 468 776 516 Romani,
805 468 1028 507 deliberare
1056 468 1202 516 voluit,
1230 477 1272 507 et
1297 468 1446 507 habuit
1473 469 1687 508 consilium
1715 484 1808 507 cum
1835 469 1989 516 comite

273 529 444 575 Nolano,
465 529 512 567 de
532 529 646 578 cujus
667 543 808 578 genere
827 528 903 566 iste
921 527 1135 578 episcopus
1154 536 1229 575 est,
1248 537 1289 567 et
1306 528 1347 566 in
1366 528 1480 578 cujus
1500 528 1622 567 domo
1640 537 1729 566 erat
1745 537 1845 568 tunc
1864 529 1983 567 collo-

271 597 399 627 catus.
425 588 531 625 Nam
552 588 616 626 ille
640 602 773 627 comes
798 588 979 626 Nolanus
1003 588 1172 626 volebat
1194 588 1324 626 dicere
1346 588 1473 627 istum
1495 588 1547 625 ad
1570 588 1781 638 quoddam
1803 597 1990 627 castrum

271 662 403 694 suum,
424 648 494 685 ubi
514 656 619 685 esset
639 662 817 695 securus,
839 647 966 686 donec
986 647 1181 685 transiret
1201 648 1345 686 electio
1364 662 1483 698 pape.
1509 648 1610 686 Item
1632 647 1759 687 etiam
1779 648 1987 686 consuluit

272 707 484 746 dominum
504 707 753 746 cardinalem
774 707 914 745 Sancti
934 707 1162 754 Eustachii,
1184 707 1253 757 qui
1273 716 1334 746 est
1354 707 1401 746 de
1421 707 1497 745 illis
1516 707 1704 758 partibus
1726 707 1874 757 quibus
1893 707 1987 755 iste,

271 776 311 805 et
345 767 471 816 aliqui
507 766 797 816 consanguinei
832 766 931 804 dicti
967 766 1182 805 cardinalis
1218 767 1374 805 habent
1408 767 1682 817 possessiones
1718 767 1761 804 in
1794 767 1986 806 districtu

273 826 668 876 consanguineorum
689 826 788 864 dicti
804 826 997 876 episcopi.
1015 826 1129 864 Tunc
1144 826 1212 864 isti
1235 827 1316 864 duo
1333 841 1466 865 comes
1488 835 1529 865 et
1551 826 1768 865 cardinalis
1792 826 1991 865 dixerunt

270 886 338 925 isti
359 886 549 936 episcopo
572 886 682 935 quod
709 894 935 925 assumeret
956 885 1072 924 illum
1097 886 1233 924 locum
1254 901 1327 924 nec
1349 895 1514 937 poterat
1541 901 1580 924 se
1608 901 1758 936 ponere
1778 886 1821 923 in
1835 885 1988 924 f06ubi

271 954 438 984 tantum
460 946 658 983 honorem
686 945 884 996 reciperet
913 945 1019 984 sicut
1052 946 1091 983 in
1121 945 1189 983 illo
1218 946 1320 993 loco,
1350 946 1421 983 ubi
1449 961 1488 984 se
1518 946 1730 996 ponebant
1760 945 1986 984 cardinales

273 1020 410 1044 omnes
441 1005 515 1043 sub
539 1005 726 1043 custodia
743 1020 829 1043 sua.
855 1005 1052 1043 Finaliter
1066 1005 1151 1055 ipse
1168 1006 1313 1044 habuit
1338 1014 1551 1056 acceptare
1585 1005 1763 1044 officium
1793 1005 1906 1043 illud.
1933 1005 1992 1043 Et

272 1079 404 1103 eomes
430 1065 611 1102 Nolanus
635 1065 803 1103 vocavit
825 1065 982 1115 aliquos
1002 1063 1210 1103 Romanos
1235 1065 1282 1103 de
1299 1065 1548 1112 melioribus,
1566 1065 1636 1115 qui
1652 1073 1769 1103 erant
1792 1065 1894 1103 bene
1914 1079 1987 1102 xm

272 1136 455 1171 numero,
473 1138 566 1162 cum
583 1124 729 1174 quibus
747 1124 929 1162 habebat
945 1138 1138 1174 magnam
1155 1125 1348 1162 notitiam
1365 1125 1498 1163 dictus
1516 1139 1663 1172 0011105,
1681 1133 1721 1163 01
1736 1139 1986 1163 recommen-

273 1184 389 1221 davit
416 1184 492 1222 sibi
520 1184 751 1234 specialiter
778 1184 989 1222 dominum
1020 1184 1224 1222 Jacobum
1252 1184 1299 1223 de
1330 1184 1500 1231 Ursinis,
1528 1193 1627 1223 tunc
1655 1184 1918 1231 cardinalem,
1946 1192 1991 1222 et.

273 1244 485 1283 dominum
513 1243 761 1282 cardinalem
790 1244 1115 1291 Gebennensem,
1144 1244 1213 1293 qui
1240 1253 1301 1282 est
1327 1258 1436 1294 papa
1463 1259 1585 1291 nunc,
1613 1252 1654 1282 et
1680 1244 1804 1282 istum
1834 1244 1986 1294 episco-

272 1317 384 1354 pum,
402 1311 449 1340 ut
465 1303 708 1353 predicitur3
727 1311 768 1341 et
784 1303 946 1341 addidit
964 1303 1096 1341 dictus
1116 1318 1248 1342 comes
1268 1304 1378 1353 quod
1394 1304 1489 1342 licet
1506 1304 1615 1354 prius
1633 1304 1992 1342 recommendaret

272 1363 347 1401 illis
375 1363 530 1401 dictum
559 1363 809 1401 cardinalem
835 1363 1143 1401 Gebennensem
1173 1378 1294 1413 quain
1322 1363 1447 1401 istum
1475 1378 1525 1401 ex
1550 1378 1596 1402 eo
1623 1363 1718 1413 quia
1744 1372 1833 1401 erat
1858 1363 1986 1401 cardi-

273 1422 388 1469 nalis,
411 1431 598 1460 attamen
620 1423 730 1472 quod
751 1423 964 1473 specialius
987 1423 1063 1460 sibi
1083 1423 1450 1462 recommendabat
1469 1423 1596 1461 istum
1616 1423 1868 1473 episcopum,
1891 1422 1987 1472 quia

273 1490 360 1520 erat
386 1482 712 1532 consanguineus
739 1490 780 1521 et
806 1482 854 1520 de
881 1497 1023 1532 genere
1049 1497 1135 1520 suo.
1162 1498 1177 1517 »
1203 1483 1305 1522 Cum
1329 1483 1417 1533 ipso
1443 1491 1583 1522 autem
1609 1483 1660 1520 ad
1686 1483 1874 1521 eamdem
1899 1497 1987 1521 cus-

273 1541 432 1580 todiam
454 1542 644 1592 deputati
665 1550 762 1580 sunt
784 1542 1016 1592 Stephanus
1039 1542 1252 1593 episcopus
1275 1543 1523 1581 Tudertinus
1546 1551 1587 1580 et
1609 1542 1821 1593 Philippus
1844 1542 1987 1579 Tibur-

274 1601 398 1648 tinus,
435 1601 496 1639 uti
532 1601 732 1651 scriptum
767 1610 828 1640 est
863 1602 904 1639 in
941 1601 1195 1652 depositione
1231 1602 1417 1651 ejusdem
1453 1602 1665 1652 Stephani,
1704 1601 1774 1652 qui
1808 1610 1994 1640 testatur·

273 1670 483 1711 praeterea
506 1661 638 1699 claves
662 1661 865 1699 conclavis
888 1661 1130 1700 remansisse
1152 1676 1273 1712 penes
1296 1662 1534 1712 episcopum
1557 1661 1862 1700 Massiliensem.
1885 1661 1987 1699 Vide

275 1720 401 1759 etiam
419 1721 587 1758 Factam
602 1721 911 1760 Bartholomaei
928 1721 1098 1760 missum
1115 1721 1198 1771 regi
1216 1722 1415 1760 Castellae
1433 1721 1544 1771 apud
1563 1722 1685 1759 Odor.
1707 1720 1991 1770 Raynaldum,

277 1794 342 1817 an.
373 1780 488 1827 1378,
523 1780 538 1829 ἓ
568 1780 628 1818 78.
1813 1824 1817 1826 Α

328 1840 426 1877 Post
460 1840 635 1878 electum
669 1840 1036 1879 Bartholomaeum
1071 1840 1424 1891 archiepiscopum
1457 1840 1693 1887 Barensem,
1730 1854 1823 1878 cum
1858 1839 1987 1878 cardi-

275 1899 384 1937 nales
417 1914 436 1937 e
468 1899 653 1938 conclavi
684 1899 879 1938 exiissent
909 1908 956 1937 ut
987 1900 1129 1939 melius
1161 1908 1402 1950 potuerunt,
1435 1900 1660 1938 «dubitans
1701 1914 1774 1949 ego
1807 1898 1988 1949 (inquitl

274 1958 383 1997 idem
408 1959 622 2009 episcopus
651 1959 910 1997 Massiliensis
938 1959 979 1996 in
1005 1959 1295 1998 informatione
1324 1959 1422 1997 data
1443 1959 1588 1998 iisdem
1614 1959 1986 2006 ambaxiatoribus)

276 2032 323 2056 ne
352 2018 384 2056 si
411 2018 452 2055 in
480 2018 636 2068 palatio
664 2033 930 2065 remanerem,
963 2019 1139 2056 Romani
1167 2033 1230 2057 me
1259 2019 1552 2066 interficerent,
1585 2033 1707 2068 quem
1735 2018 1992 2069 proditorem

275 2077 384 2127 prius
420 2087 686 2125 vocaverant,
723 2087 763 2116 et
798 2087 1034 2128 suspectam
1068 2093 1209 2117 eorum
1243 2079 1504 2116 voluntatem
1539 2079 1758 2125 habebam,
1789 2077 1901 2116 volui
1936 2077 1991 2114 ad

277 2146 454 2175 castrum
482 2137 621 2175 Sancti
643 2138 787 2187 Angeli
812 2138 1047 2188 confugere3
1073 2147 1114 2176 et
1139 2146 1306 2188 captum
1331 2138 1373 2175 in
1393 2138 1459 2175 via
1484 2153 1555 2188 per
1572 2137 1989 2187 Romanos,turpiter

276 2196 448 2235 ductum
469 2205 509 2235 et
530 2197 731 2244 vinctum,
753 2212 835 2235 non
854 2206 997 2235 tamen
1016 2197 1203 2247 ligatum,
1225 2197 1294 2235 sed
1316 2197 1368 2235 ad
1388 2211 1534 2236 manus
1555 2198 1766 2235 trahentes
1788 2196 1989 2235 violenter

276 2255 328 2293 ad
350 2256 561 2294 ecclesiam
582 2271 653 2295 seu
676 2257 872 2307 capellam
898 2257 1037 2295 Sancti
1061 2257 1272 2295 Laurentii
1293 2257 1571 2304 adduxerunt,
1594 2256 1796 2295 inhientes
1819 2256 1926 2294 inter
1947 2271 1991 2294 se·

277 2315 490 2353 consilium
514 2324 561 2353 ut
584 2324 657 2354 aut
681 2330 744 2354 me
769 2316 810 2353 in
834 2316 965 2354 Tibris
993 2316 1118 2354 fluvio
1142 2317 1464 2365 submergerent,
1490 2325 1562 2354 aut
1587 2316 1721 2366 capite
1744 2316 1991 2366 plecterent,

276 2383 348 2412 aut
368 2375 520 2425 populo
536 2389 599 2414 me
621 2376 809 2414 vinctum
829 2376 1041 2414 traderent
1061 2376 1184 2413 morti
1206 2376 1402 2413 dandum.
1427 2376 1529 2423 Quia
1545 2384 1686 2414 tamen
1706 2390 1769 2414 me
1791 2374 1990 2425 supposui

275 2434 427 2482 judicio
454 2435 795 2482 Bandarensium,
825 2435 856 2473 si
884 2435 925 2472 in
953 2435 1091 2485 aliquo
1121 2435 1394 2482 offendissem,
1424 2435 1703 2473 deliberarunt
1730 2449 1793 2472 me
1821 2433 1987 2472 traden-

277 2493 374 2530 dum
396 2493 509 2532 firme
529 2494 712 2532 custodie
732 2494 1045 2533 custodiendum
1067 2494 1276 2544 quaternis
1296 2494 1511 2533 hominum
1522 2503 1790 2533 armatorum.
1811 2493 1990 2532 Veniens

277 2561 416 2591 autem
443 2567 546 2591 unus
574 2568 624 2591 ex
648 2554 996 2601 Bandarensibus,
1025 2554 1093 2603 qui
1120 2554 1168 2592 de
1196 2568 1337 2603 genere
1365 2562 1453 2591 erat
1481 2554 1816 2603 Columpnoru1n‚
1843 2567 1907 2591 me
1934 2552 1990 2590 ab·

276 2611 580 2661 insurgentibus
606 2613 648 2650 in
673 2627 736 2651 me
762 2613 954 2651 liberavit
978 2627 1060 2650 una
1086 2627 1176 2651 cum
1204 2613 1453 2663 archiepisco
1480 2612 1751 2659 Cracoviensi,
1778 2620 1818 2650 et
1843 2620 1985 2662 petens

278 2684 339 2708 me
359 2671 496 2709 reduci
514 2672 565 2709 ad
585 2672 755 2712 domum
773 2672 928 2711 domini
947 2672 1162 2711 cardinalis
1183 2672 1322 2710 Sancti
1342 2672 1465 2719 Petri,
1486 2686 1608 2721 quem
1626 2686 1698 2721 ego
1716 2680 1815 2710 tunc
1834 2685 1990 2721 papam

278 2739 444 2779 propter
468 2740 625 2770 metum
649 2732 930 2771 Romanorum
952 2732 1173 2778 vocabam,
1196 2731 1421 2781 vidensque
1444 2731 1613 2771 domum
1634 2731 1720 2780 ejus
1743 2744 1765 2768 a
1790 2730 1985 2768 Romanis

279 2789 496 2838 spoliatam
520 2799 561 2828 et
584 2790 851 2838 denudatam,
875 2791 1024 2829 accessi
1047 2791 1100 2828 ad
1122 2791 1291 2830 domum
1315 2790 1469 2828 domini
1492 2791 1540 2829 de
1565 2790 1735 2837 Ursinis,
1759 2789 1829 2827 ubi
1851 2789 1990 2839 ipsum

280 2861 372 2886 cum
394 2848 559 2886 domino
582 2849 721 2887 Sancti
744 2850 957 2888 Eustachii
977 2850 1126 2900 reperi3
1150 2858 1191 2888 et
1211 2863 1292 2887 una
1315 2864 1406 2888 cum
1429 2849 1483 2888 eis
1505 2849 1639 2889 media
1661 2857 1780 2888 nocte
1801 2849 1853 2886 ab
1877 2848 1985 2886 Urbe

280 2907 419 2955 aufugi
447 2908 498 2944 ad
527 2917 707 2946 castrum
736 2909 835 2947 dicti
863 2909 1018 2948 domini
1046 2909 1093 2947 de
1123 2909 1279 2947 Ursinis
1309 2909 1418 2959 quod
1446 2917 1620 2947 vocatur
1647 2908 1836 2947 Vicovar.
1865 2922 1879 2943 ³>

332 2965 512 3003 Tandem
536 2967 678 3005 sedato
700 2968 897 3015 tumultu,
920 2983 1009 3006 cum
1034 2983 1171 3008 omnes
1193 2968 1418 3007 cardinales
1440 2968 1600 3018 publice
1620 2967 1989 3005 Bartholomaeum

282 3024 458 3062 colerent
491 3034 536 3062 ut
569 3040 734 3076 papam,
767 3027 979 3077 episcopus
1014 3027 1273 3065 Massiliensis
1307 3042 1399 3065 vere
1433 3027 1597 3065 credens
1630 3027 1745 3065 illum
1776 3040 1870 3064 eum
1901 3040 1988 3064 esse

331 3149 361 3180 1.
393 3149 459 3181 Ms.
489 3150 572 3189 cite,
603 3151 664 3183 fol.
694 3152 738 3185 48
766 3157 809 3185 r⁰.
