2083 3458
63 214 187 269 [763]
588 228 805 254 PAPARUM
841 227 1226 253 AVENIONENSIUM
1668 208 1749 250 265

52 313 142 352 finis
159 312 374 363 impositus
394 320 455 350 est
474 311 485 333 ¹
505 311 767 361 gravissimae
784 311 847 349 liti
866 324 990 361 quam
1005 311 1199 348 adversus
1218 309 1455 360 episcopum
1482 323 1602 347 suum
1628 309 1750 347 habe-

49 373 123 410 bat
147 371 357 411 academia
383 369 618 409 Parisiensis
644 378 811 420 propter
836 371 1034 408 mulctam
1059 369 1454 419 quadringentarum
1477 368 1675 406 librarum
1700 367 1751 404 ab

51 432 241 482 episcopo
259 430 507 480 imperatam
537 428 701 467 cuidam
732 429 874 467 clerico
897 428 1130 467 academico
1164 424 1215 466 ob
1240 435 1408 477 raptum
1433 426 1631 473 mulieris3
1659 425 1752 464 vide

51 499 80 530 t.
105 505 148 528 1v
171 489 278 527 Hist.
311 487 590 527 Universitatis
613 487 873 536 Par-islensis,
899 502 938 538 p.
965 487 1052 526 227.

103 548 223 586 Anno
263 547 591 595 MCCCXXXII‚
626 546 804 585 Joannes
840 546 968 584 XXII
1001 546 1036 585 ei
1056 554 1108 585 fet
1141 546 1262 584 Petro
1294 546 1343 583 de
1376 543 1522 592 pratis,
1564 544 1755 594 episcopo

53 606 332 654 Praenestino,
353 605 557 645 commisit
577 605 793 643 arbitrium
814 604 1115 644 controversiae
1136 618 1239 654 quae
1259 611 1427 654 propter
1446 603 1622 642 Cristam
1642 603 1754 654 oppi-

52 667 151 704 dum
170 674 258 704 erat
276 665 383 703 inter
398 664 648 703 Ademarum
664 665 901 714 episcopum
916 663 1183 702 Valentinum
1202 672 1242 702 et
1257 662 1470 701 Aimarum
1491 662 1538 701 de
1555 661 1755 710 pictavia,

53 726 245 764 comitem
264 723 618 768 Valentinensem3
645 722 846 770 Columbi,
871 723 940 761 lib.
973 723 1049 769 ΙΙΙ,
1073 723 1132 760 De
1158 722 1274 771 gestis
1307 722 1522 772 episcopor.
1557 720 1753 761 Valentin.

52 798 91 823 n.
112 783 174 823 40.

106 843 214 880 Eum
250 855 343 880 cum
380 841 522 880 ceteris
560 840 835 879 cardinalibus
873 840 924 877 ad
962 855 1001 878 se
1039 841 1229 878 evocavit
1268 840 1446 878 Joannes
1480 839 1611 876 XXII
1648 852 1755 876 anno

53 901 399 948 MCCCXXXIV‚
437 900 500 939 die
536 899 659 938 tertia
695 899 844 938 mensis
881 899 1121 945 decembris,
1157 907 1204 936 ut
1239 899 1454 937 interesset
1491 897 1757 937 declarationi

54 974 180 1011 quam
208 960 295 1010 ipse
324 959 547 998 moriturus
579 958 676 997 fecit
705 958 747 996 in
778 971 900 996 causa
932 957 1184 1007 quaestionis
1216 957 1264 995 de
1307 957 1466 995 visione
1509 956 1702 996 beatifica
1726 956 1758 1001 ²3

54 1019 251 1058 Odoricus
274 1018 528 1068 Raynaldus‚
550 1032 615 1056 an.
638 1017 753 1065 1334,
780 1017 796 1065 ἓ
817 1015 878 1055 36.
1404 1017 1407 1021 ”

108 1078 222 1117 Obiit
243 1085 383 1115 autem
404 1077 447 1115 in
468 1077 655 1115 novitate
676 1076 889 1114 Benedicti
913 1075 1011 1124 XII,
1034 1083 1081 1113 ut
1103 1075 1250 1125 legitur
1271 1075 1314 1112 in
1342 1074 1466 1112 Gestis
1488 1075 1760 1125 episcoporum

54 1131 466 1175 Autissiodorensiam
483 1135 510 1185 3,
535 1135 606 1173 ubi
630 1136 716 1186 ejus
733 1149 840 1173 mors
856 1142 1074 1173 revocatur
1089 1134 1140 1171 ad
1157 1148 1311 1171 annum
1328 1134 1486 1172 circiter
1501 1133 1760 1172 millesimum

55 1195 389 1235 trecentesimum
415 1195 670 1245 trigesimum
697 1202 872 1232 sextum.
906 1194 951 1231 In
978 1193 1188 1243 epitaphio
1215 1207 1311 1231 vero
1338 1193 1438 1242 ejus,
1468 1192 1578 1242 quod
1604 1192 1760 1231 editum

55 1264 117 1294 est
134 1255 241 1293 inter
259 1254 522 1305 probationes
541 1253 745 1291 Historiae
764 1252 1033 1290 cardinalium
1058 1251 1260 1290 Gallorum
1289 1251 1341 1302 [p.
1364 1251 1462 1301 307]
1485 1251 1683 1301 scriptum
1702 1259 1764 1290 est

55 1328 148 1353 eum
172 1313 317 1352 obiisse
342 1313 385 1350 in
407 1313 469 1350 die
491 1312 641 1366 veneris
663 1320 811 1359 sancta,
836 1311 931 1349 hora
953 1325 1071 1358 nona,
1096 1311 1242 1348 decimo
1265 1318 1399 1360 quarto
1431 1311 1577 1347 mensis
1605 1309 1762 1360 aprilis,

55 1387 160 1411 anno
172 1372 339 1410 Domini
357 1372 564 1409 millesimo
581 1372 843 1409 trecentesimo
856 1370 1055 1419 trigesimo
1068 1369 1215 1420 quinto,
1232 1369 1343 1417 Quae
1358 1378 1419 1407 est
1435 1383 1531 1407 vera
1544 1369 1760 1407 sententia.

58 1432 223 1470 Etenim
251 1445 359 1469 anno
389 1430 694 1469 MCCCXXXV
726 1430 881 1468 Pascha
911 1429 1056 1468 incidit
1092 1429 1133 1466 in
1171 1428 1279 1467 diem
1308 1443 1379 1466 xvl
1410 1428 1560 1478 aprilis.
1592 1428 1764 1466 Constat

55 1499 266 1541 praeterea
288 1505 338 1529 ex
359 1490 470 1528 bulla
489 1490 505 1512 4
525 1490 744 1528 Clementis
766 1489 837 1537 VI,
855 1502 935 1538 qua
955 1488 1174 1527 confirmat
1196 1488 1282 1538 ejus
1314 1495 1625 1535 testamentum,
1650 1487 1764 1525 illum

57 1558 267 1588 mortuum
286 1549 408 1588 fuisse
428 1558 523 1587 ante
544 1562 669 1598 quam
687 1548 796 1586 idem
815 1548 998 1586 Clemens
1022 1547 1136 1586 fieret
1156 1546 1349 1585 Pontifex
1370 1547 1594 1584 Romanus.
1620 1546 1764 1595 Itaque

57 1608 249 1647 affirmari
268 1609 392 1646 libere
413 1616 551 1658 potest
571 1608 656 1646 falli
677 1621 743 1646 eos
766 1608 834 1656 qui
855 1607 1040 1645 scribunt
1061 1604 1153 1644 euni
1174 1606 1293 1644 rebus
1314 1606 1504 1643 humanis
1526 1612 1764 1655 exemptum

57 1682 165 1706 anno
196 1667 462 1706 MCCCXLV.

112 1727 215 1765 Sunt
244 1727 312 1776 qui
341 1726 600 1764 contendunt
626 1725 742 1764 illum
770 1739 792 1762 a
819 1724 1044 1763 Benedicto
1075 1724 1159 1761 XII
1189 1723 1346 1762 factum
1375 1723 1497 1762 fuisse
1527 1723 1762 1773 episcopum

59 1785 337 1824 Sabinensem.
352 1785 504 1824 Verum
521 1799 653 1823 errare
669 1784 758 1822 illos
771 1783 1038 1822 manifestum
1056 1778 1129 1822 est.
1145 1783 1317 1821 Constat
1333 1782 1484 1821 etenim
1503 1782 1765 1820 Guillelmum

60 1845 169 1884 Petri
201 1844 249 1883 de
282 1844 442 1882 Godino
474 1844 632 1881 factum
663 1843 787 1881 fuisse
819 1843 1056 1893 episcopum
1089 1842 1355 1880 Sabinensem
1387 1855 1451 1879 an.
1486 1840 1765 1888 MCCCXVII⁷

59 1912 100 1942 et
124 1917 283 1954 semper
307 1903 545 1953 episcopum
570 1902 836 1941 sabinensem
861 1901 984 1940 fuisse
1009 1915 1138 1951 usque
1164 1901 1216 1939 ad
1241 1914 1396 1938 annum
1422 1899 1766 1945 MCCCXXXVI‚

60 1976 140 2012 quo
164 1962 337 2000 interiit.
365 1962 471 1999 Tum
486 1955 583 2000 vero
610 1961 779 1999 Petrum
805 1961 853 1999 de
880 1960 1150 1999 Mortuomari
1173 1959 1405 1998 extinctum
1426 1959 1549 1998 fuisse
1574 1966 1692 2009 patet
1718 1972 1767 1996 ex

57 2021 106 2060 iis
133 2035 237 2071 quae
263 2021 386 2071 paulo
413 2034 535 2071 supra
563 2020 673 2058 dicta
700 2028 808 2058 sunt.
838 2019 954 2058 Adde
981 2019 1275 2057 auctoritatem
1302 2019 1436 2057 bullae
1464 2018 1682 2056 Clementis
1710 2017 1766 2054 VI

60 2080 109 2119 de
136 2079 448 2119 confirmatione
474 2079 715 2118 testamenti
741 2079 848 2129 ejus3
874 2078 916 2116 in
943 2092 1023 2128 qua
1047 2078 1163 2116 illum
1189 2086 1314 2116 vocat
1339 2077 1577 2128 simpliciter
1601 2075 1768 2126 presby—

65 2147 195 2177 terum
221 2139 470 2178 cardinalem
495 2138 607 2176 tituli
627 2138 665 2176 S.
688 2137 887 2188 Stephani
911 2136 953 2175 in
974 2136 1108 2175 Coelio
1137 2145 1292 2184 monte,
1314 2137 1551 2187 episcopum
1573 2134 1766 2173 Sabinen-

60 2212 144 2236 sem
167 2198 251 2236 sine
274 2197 399 2235 dubio
421 2197 618 2246 dicturus,
642 2197 674 2235 si
695 2211 737 2235 re
758 2210 855 2235 vera
877 2196 1022 2234 fuisset
1042 2196 1148 2234 illius
1171 2194 1276 2234 sedis
1299 2194 1483 2233 antistes.

115 2256 301 2306 Denique
338 2256 382 2294 in
425 2255 552 2294 Gestis
582 2255 858 2306 episcoporum
887 2254 1301 2292 Autissiodorensium
1337 2254 1486 2304 legitur
1524 2266 1617 2291 eum
1643 2252 1765 2290 fuisse

62 2315 349 2354 cancellarium
377 2323 419 2353 et
448 2322 703 2365 compatrem
730 2314 833 2363 regis
861 2313 1057 2353 Franciae
1075 2313 1102 2352 5.
1140 2313 1258 2360 Quod
1298 2327 1390 2351 cum
1420 2310 1518 2350 alibi
1545 2325 1627 2349 non
1655 2325 1766 2360 repe-

61 2373 192 2413 riatur
219 2374 413 2424 nullaque
441 2374 564 2425 hujus
601 2374 658 2413 rei
699 2372 872 2423 vestigia
901 2372 1063 2423 uspiam
1101 2380 1246 2411 extent
1283 2372 1460 2409 arbitror
1490 2385 1574 2409 esse
1603 2370 1764 2408 falsum.

111 2510 143 2544 1.
167 2509 314 2542 Denifle
335 2515 372 2542 et
393 2508 601 2549 Chatelain,
625 2508 911 2549 Chartalarium,
934 2514 960 2542 t.
982 2520 1019 2548 11,
1042 2520 1076 2542 n.
1100 2508 1181 2548 910,
1203 2519 1238 2551 p.
1261 2507 1342 2540 342.

113 2563 144 2596 2.
167 2562 314 2595 Denifle
334 2568 372 2595 et
392 2562 600 2602 Chatelain,
623 2561 910 2602 chartularium,
932 2567 958 2595 t.
978 2573 1016 2601 11,
1038 2573 1072 2594 n.
1096 2561 1176 2600 987,
1198 2572 1233 2604 p.
1255 2560 1336 2593 440.

111 2617 144 2650 3.
168 2616 234 2649 Ph.
256 2615 396 2656 Labbe,
418 2615 543 2648 Novae
564 2615 805 2655 bibliothecae,
827 2620 854 2648 t.
873 2627 897 2654 1,
919 2626 954 2658 p.
978 2615 1057 2647 510.
1078 2633 1126 2636 —
1154 2613 1378 2646 Mortemart
1406 2617 1559 2644 mourut
1589 2610 1769 2644 certaine-

64 2674 170 2702 ment
188 2679 235 2701 en
253 2669 347 2702 1335
371 2668 505 2710 (Vidal,
527 2674 554 2702 t.
573 2680 625 2708 111,
647 2679 682 2712 p.
703 2667 801 2712 426).
825 2667 927 2701 Dans
948 2667 1166 2700 l’Obituaire
1185 2666 1226 2699 de
1245 2666 1280 2698 la
1298 2665 1467 2709 province
1486 2665 1527 2697 de
1546 2663 1648 2703 Sem,
1670 2670 1697 2697 t.
1716 2675 1767 2703 111,

65 2733 100 2765 p.
125 2721 206 2761 254,
232 2720 346 2754 onvlit
368 2733 376 2754 z
399 2720 446 2754 14
468 2721 612 2766 aprilis.
636 2721 774 2754 Eodem
796 2721 853 2754 die
874 2720 928 2754 ob.
945 2720 989 2754 P.
1015 2720 1056 2753 de
1077 2719 1301 2758 Mortemart,
1318 2717 1653 2751 Autissiodorensis
1675 2717 1769 2760 epis—

65 2785 188 2818 copm,
214 2774 377 2808 moribus
399 2772 492 2817 (sic)
517 2775 707 2808 sanctitate
730 2774 876 2807 decoras
899 2785 921 2806 a
944 2773 981 2806 J.
1001 2772 1129 2805 XXII
1151 2782 1293 2804 summo
1315 2770 1487 2814 pontifice
1501 2770 1639 2803 electus.
1665 2769 1769 2802 Jacet

65 2828 167 2871 apud
182 2827 375 2861 Mortuum
392 2827 500 2860 Mare
519 2827 558 2861 in
574 2827 722 2860 ecclesia
739 2826 875 2870 majore
891 2837 1000 2870 qaam
1017 2825 1233 2858 condiderat.
1251 2841 1301 2846 —
1318 2823 1439 2856 Pierre
1458 2822 1584 2863 fonda,
1605 2833 1650 2855 en
1668 2822 1768 2863 estet,

67 2880 88 2913 a
103 2880 337 2920 Mortemart,
354 2891 408 2913 un
423 2880 568 2924 hopital
585 2886 623 2913 et
637 2891 710 2912 une
727 2879 894 2923 chapelle
914 2879 1069 2922 (Mollat‚
1088 2889 1123 2910 n.
1141 2876 1414 2916 17444-17447;
1432 2876 1550 2909 bulles
1567 2876 1617 2908 du
1634 2876 1678 2909 25
1694 2875 1769 2908 mai

65 2933 187 2978 1323),
210 2933 294 2977 puis
314 2944 387 2966 une
409 2932 598 2976 collegiale
622 2932 779 2976 (Mollat,
802 2944 837 2965 n.
861 2932 996 2971 22236;
1019 2930 1137 2964 bulles
1159 2930 1209 2963 du
1231 2930 1251 2962 2
1271 2928 1347 2962 mai
1368 2928 1489 2972 1325).

114 2986 147 3020 4.
169 2985 208 3020 F.
230 2985 439 3026 Duchesne,
459 2985 623 3019 Histoire
641 2986 682 3018 de
699 2991 778 3018 toas
796 2985 845 3018 les
862 2984 1067 3029 cardinaux
1084 2983 1117 3015 F
1118 2983 1273 3023 ranpois,
1294 2988 1320 3015 t.
1338 2993 1376 3022 11,
1397 2993 1432 3025 p.
1453 2982 1534 3015 305.

115 3039 147 3073 5.
177 3038 317 3079 Labbe,
347 3038 420 3072 loco
447 3039 563 3072 citato.
585 3057 635 3061 —
662 3038 784 3071 Pierre
806 3037 850 3070 de
878 3036 1102 3070 Mortemart
1126 3035 1232 3068 avait
1267 3036 1326 3068 ete
1363 3033 1588 3078 compromis
1618 3033 1711 3067 dans
1737 3034 1770 3067 le

66 3093 195 3135 proces
218 3091 413 3135 d'Hugues
435 3090 598 3131 Gerana
620 3091 762 3134 (aveque
785 3090 829 3123 de
852 3089 1002 3123 Cahors.
1026 3088 1101 3122 Son
1123 3087 1430 3121 administration
1451 3098 1497 3120 en
1518 3092 1605 3120 tant
1625 3086 1772 3131 qu’offi-
