2083 3458
106 244 257 299 [1262]
625 261 840 286 PAPARUM
876 261 1259 287 AVENIONENSIUM
1708 248 1789 290 783

93 344 352 383 Leonardum
378 357 424 381 ea
450 353 700 394 tempestate
727 353 895 383 tantum
921 344 1123 394 accepisse
1151 344 1304 395 pileum
1330 345 1504 384 rubeum
1530 360 1552 383 a
1581 346 1788 385 Clemente

91 403 313 442 tamenetsi
343 411 466 440 antea
499 403 576 441 sibi
610 403 793 441 missum.

145 464 264 501 Anno
302 462 628 500 MCCCLXXXI
665 471 857 512 expertus
895 470 956 500 est
993 462 1203 502 fortunam
1239 463 1504 502 saevientem.
1543 464 1644 502 Cum
1680 465 1788 503 enim

90 530 184 573 post
217 530 384 572 captam.
415 535 438 558 a
474 522 625 560 Karolo
661 521 836 559 Duracio
872 521 1086 571 Neapolim
1118 521 1328 560 incidisset
1360 522 1402 560 in
1434 523 1578 562 manus
1611 523 1786 562 hominis

92 580 342 631 sanguinarii
363 580 579 619 cardinalis
600 595 622 618 a
645 581 812 630 Sangro,
834 580 875 617 in
897 594 1098 619 carcerem
1119 581 1170 618 ab
1192 595 1238 619 eo
1260 581 1469 631 conjectus
1491 590 1552 620 est
1571 582 1599 630 1,
1621 591 1786 622 coactus

93 649 215 679 antea
260 640 436 689 abjicere
480 639 654 690 insignia
703 639 995 683 cardinalatus,
1033 654 1136 689 quae
1172 639 1214 677 in
1250 640 1383 678 medio
1422 641 1568 691 templi
1613 642 1787 680 Sanctae

94 701 232 739 Clarae
266 707 363 737 sunt
396 699 552 736 tradita
590 698 785 745 flammis;
822 699 982 736 Odoric.
1022 699 1240 748 Raynald„
1275 713 1340 738 an.
1378 700 1492 747 1381,
1533 701 1550 749 ἓ
1585 700 1646 739 26.
1690 702 1787 739 Inde

92 760 392 805 Beneventum,
413 772 510 797 mox
529 758 570 795 in
591 758 827 807 Aprutium,
849 757 994 795 deinde
1016 758 1214 798 Aversam
1237 758 1400 805 ductus,
1426 767 1520 809 post
1544 759 1787 798 diuturnum

94 832 296 857 carcerem
319 817 491 855 tandem
517 817 722 864 dimissus,
750 817 1004 855 Avenionem
1030 832 1069 855 se
1096 816 1284 864 contulit,
1311 818 1381 855 ubi
1406 832 1500 857 cum
1525 819 1675 857 honore
1702 834 1786 858 sus-

94 886 235 927 ceptus
256 885 319 915 est
336 885 539 926 tanquam
559 876 796 920 cardinalis2
818 876 1051 925 Wadding.,
1071 890 1136 914 an.
1160 876 1273 923 1378,
1301 877 1317 925 ξ
1339 878 1358 914 7
1390 878 1435 927 [ῖ.
1456 892 1514 924 IX,
1538 893 1576 928 p.
1601 878 1687 928 16].
1710 879 1786 917 Sed

94 937 204 987 quod
227 936 393 976 demum
416 950 523 973 anno
547 935 849 985 recuperaverit
872 935 1065 973 amissam
1087 935 1324 975 libertatem
1343 936 1530 986 nuspiam
1554 937 1785 975 invenimus

93 996 306 1046 scriptum.
331 996 393 1032 Ex
414 1003 599 1033 tractatu
619 1003 761 1033 tamen
781 995 868 1044 ejus
890 994 1042 1044 scripto
1063 994 1104 1031 in
1125 1008 1247 1032 causa
1269 995 1459 1045 cessionis
1481 1004 1658 1046 papatus
1681 1011 1785 1046 quae

92 1055 313 1106 petebatur
335 1068 358 1092 a
380 1054 603 1092 Benedicto
629 1054 736 1091 XIII
760 1068 867 1091 anno
892 1053 1104 1092 millesimo
1129 1054 1335 1092 CCCXCV
1358 1054 1489 1104 colligi
1511 1064 1649 1105 potest
1671 1055 1785 1093 illum

93 1115 214 1153 fuisse
245 1122 413 1152 tantum
443 1113 484 1151 in
515 1128 672 1151 carcere
704 1128 774 1163 per
805 1112 1145 1162 quinquennium.
1181 1113 1286 1151 Nam
1318 1128 1410 1152 cum
1441 1114 1560 1153 simul
1591 1129 1684 1152 cum
1714 1114 1782 1152 illo

93 1182 238 1224 captus
271 1173 323 1212 sit
356 1173 535 1211 Jacobus
569 1172 783 1210 cardinalis
817 1172 865 1210 de
902 1172 999 1218 ltro,
1031 1171 1115 1222 ipse
1149 1187 1244 1210 vero
1276 1172 1382 1211 inter
1415 1173 1521 1210 mala
1559 1188 1662 1223 quae
1694 1182 1785 1211 tum

92 1233 251 1284 perpeti
286 1232 470 1282 oportuit
505 1247 570 1270 eos
607 1232 677 1281 qui
708 1231 926 1269 Clementis
962 1239 1098 1280 partes
1124 1231 1323 1269 fovebant
1357 1241 1624 1271 connumeret
1654 1232 1784 1271 carnis

92 1292 357 1331 afflictionem
395 1292 563 1329 duorum
600 1291 867 1329 cardinalium
905 1298 1187 1328 carceratorum
1225 1291 1494 1340 quinquennio
1531 1300 1572 1330 et
1611 1300 1785 1331 mortem

93 1351 415 1390 crudelissimam
447 1351 607 1400 reginae
642 1350 811 1397 Siciliae,
845 1357 961 1399 patet
993 1350 1100 1387 hunc
1133 1364 1334 1388 carcerem
1364 1350 1674 1399 intelligendum
1701 1366 1785 1389 esse

93 1412 141 1450 de
171 1411 383 1449 Leonardo
410 1418 451 1448 et
480 1410 649 1456 Jacobo,
672 1417 713 1447 et
740 1423 833 1447 cum
862 1408 1189 1458 quinquennium
1209 1408 1307 1446 illud
1335 1409 1583 1459 expiraverit
1610 1410 1652 1447 in
1678 1424 1786 1447 anno

95 1470 458 1509 MCCCLXXXVI
489 1477 678 1516 exeunte,
700 1468 826 1506 istum
849 1467 1023 1506 evasisse
1047 1482 1066 1506 e
1090 1482 1246 1506 carcere
1276 1469 1352 1505 fine
1376 1468 1559 1518 ejusdem
1582 1469 1691 1516 anni,
1714 1477 1787 1507 aut

94 1530 169 1568 sub
204 1529 322 1567 initio
358 1528 578 1579 sequentis.
615 1529 894 1567 Confirmatur
929 1526 1040 1565 istud
1076 1541 1125 1565 ex
1160 1527 1261 1565 libro
1298 1527 1597 1577 Obligationum
1632 1528 1788 1566 archivi

95 1588 298 1636 Vaticani,
330 1588 372 1626 in
405 1602 484 1638 quo
517 1588 766 1627 adnotatum
798 1595 860 1625 est
891 1586 1140 1625 cardinalem
1173 1587 1220 1624 de
1255 1586 1417 1624 Giffono
1449 1587 1581 1637 primo
1613 1587 1788 1626 intrasse

94 1648 250 1687 curiam
265 1662 372 1686 anno
390 1646 778 1686 MCCCLXXXVII
795 1646 858 1684 die
876 1661 947 1683 X1v
965 1645 1046 1683 mai
1066 1644 1092 1684 ².

148 1708 266 1745 Anno
292 1707 565 1746 MCCCXCIV
588 1705 776 1744 interfuit
799 1705 989 1744 electioni
1011 1704 1223 1742 Benedicti
1250 1705 1373 1752 XIII,
1398 1704 1460 1744 die
1486 1719 1588 1743 xxv1
1613 1714 1787 1756 septem-

94 1766 176 1806 bris
192 1765 219 1805 ³.

148 1827 267 1864 Anno
295 1825 559 1872 MCCCXCV,
587 1824 650 1863 die
676 1824 808 1875 prima
834 1823 951 1873 junii,
977 1823 1253 1872 interrogatus
1281 1837 1374 1861 cum
1401 1823 1487 1862 aliis
1514 1823 1788 1862 cardinalibus

95 1900 117 1924 a
141 1885 312 1924 ducibus
334 1884 594 1932 Bituricensi,
616 1883 893 1933 Burgundiae,
917 1891 958 1921 et
981 1881 1277 1929 Aurelianensi,
1303 1896 1404 1932 quos
1438 1897 1508 1921 rex
1534 1883 1708 1921 Karolus
1733 1883 1789 1920 Vl

96 1944 350 1983 Avenionem
367 1952 585 1994 propterea
604 1943 785 1990 miserat,
804 1956 1010 1992 quaenam
1027 1941 1103 1991 ipsi
1121 1941 1187 1978 via
1206 1941 1347 1979 melior
1364 1941 1573 1980 videretur
1590 1942 1641 1979 ad
1659 1942 1789 1980 extin-

97 2004 304 2054 guendum
323 2003 499 2043 schisma
518 2002 731 2052 respondit
749 2001 860 2039 viam
880 2000 1069 2040 cessionis
1089 2000 1166 2038 sibi
1185 2000 1314 2038 videri
1333 2000 1540 2040 meliorem
1559 2015 1680 2050 seque
1700 2015 1790 2039 eam

96 2063 339 2114 approbare,
357 2070 387 2101 t.
409 2077 446 2100 vi
468 2062 680 2112 Spicilegii
701 2061 888 2107 Dacher.,
907 2075 946 2110 p.
968 2060 1056 2098 138.
1078 2060 1224 2097 Postea
1243 2074 1339 2097 vero
1358 2059 1469 2097 istud
1486 2060 1620 2110 ipsum
1645 2061 1791 2098 confir-

97 2122 229 2160 mavit
253 2121 379 2160 literis
405 2121 566 2171 scriptis
592 2121 644 2158 ad
670 2135 805 2170 regem
832 2119 894 2158 die
921 2128 1069 2157 octava
1094 2118 1302 2168 sequentis
1329 2118 1476 2156 mensis
1503 2118 1744 2169 septembris
1761 2119 1790 2166 4,

97 2181 139 2219 in
164 2181 311 2231 quibus
329 2180 387 2218 ita
411 2180 518 2219 inter
535 2188 669 2218 cetera
687 2179 888 2230 scriptum
903 2187 964 2217 est
985 2194 993 2216 2
1012 2177 1131 2215 Nunc
1147 2185 1292 2225 autem,
1310 2177 1577 2215 illustrissime
1590 2178 1790 2228 princeps,

98 2240 205 2290 quia,
227 2248 268 2278 ut
285 2239 472 2287 scribitis,
493 2239 602 2277 vobis
620 2247 850 2288 suggestum
868 2246 922 2275 est
941 2238 1042 2287 quod
1060 2251 1127 2285 ego
1146 2237 1198 2274 ad
1217 2237 1452 2274 mutandum
1470 2237 1717 2286 propositum
1736 2237 1793 2274 vel

98 2299 328 2350 opinionem
353 2298 577 2348 aliquorum
602 2297 932 2348 persuasionibus
960 2297 1137 2343 inducor,
1164 2303 1198 2332 et
1222 2304 1426 2345 propterea
1453 2310 1510 2332 me
1535 2296 1735 2345 requiritis
1759 2303 1793 2332 et

98 2358 247 2408 rogatis
268 2366 309 2396 ut
329 2358 425 2395 dicte
446 2357 631 2407 opinioni
653 2357 817 2406 firmiter
838 2356 1023 2393 insistam
1042 2363 1075 2392 et
1095 2355 1145 2392 ab
1167 2354 1236 2391 illa
1257 2355 1364 2391 nullo
1386 2355 1496 2392 modo
1518 2355 1706 2392 divertam
1726 2369 1794 2392 nec

99 2417 323 2468 permittam
337 2431 394 2455 me
408 2430 556 2466 quoquo
571 2417 682 2454 modo
693 2430 762 2466 per
774 2428 1033 2465 quoscumque
1045 2413 1196 2460 diverti,
1211 2421 1329 2450 vestre
1342 2413 1569 2451 celsitudini
1582 2414 1794 2463 respondeo

99 2477 200 2526 quod
221 2484 386 2514 vestram
408 2475 664 2514 intentionem
684 2475 886 2513 attendens
907 2473 1101 2520 solertius,
1124 2480 1236 2521 atque
1258 2472 1511 2509 considerans
1532 2473 1584 2510 ad
1605 2480 1795 2522 quantum

101 2536 246 2573 bonum
261 2543 296 2572 et
310 2535 484 2584 savorem
501 2534 668 2572 unitatis
685 2533 856 2571 Ecclesie
873 2532 994 2570 tendit
1011 2531 1075 2568 via
1092 2531 1283 2568 cessionis
1300 2530 1528 2579 hujusmodi
1546 2545 1615 2581 per
1632 2540 1796 2569 vestram

99 2594 370 2632 celsitudinem
385 2594 585 2643 preelecta,
600 2601 737 2631 etcum
752 2600 899 2642 quanta
915 2590 1192 2628 deliberatione
1207 2597 1241 2627 et
1263 2589 1426 2638 digestis
1447 2590 1627 2628 consiliis
1647 2604 1716 2640 per
1738 2604 1796 2628 me

98 2653 223 2691 extitit
244 2653 479 2703 approbata,
502 2661 629 2690 tenore
650 2651 894 2701 presentium
915 2648 1115 2687 serenitati
1138 2656 1256 2685 vestre
1279 2648 1442 2700 firmiter
1464 2650 1675 2699 respondeo
1697 2650 1798 2699 quod

99 2726 167 2762 ego
195 2712 237 2749 in
263 2711 524 2762 promissione
551 2726 669 2761 quam
692 2710 767 2760 feci
794 2709 980 2760 predictis
1007 2708 1104 2745 meis
1129 2707 1303 2745 dominis
1329 2707 1497 2744 ducibus
1523 2708 1702 2758 persisto,
1730 2722 1798 2746 nec

154 2867 183 2901 1.
216 2867 373 2910 D’arpes
390 2867 422 2899 le
442 2866 648 2899 Chronicon
666 2865 834 2898 Siculum
854 2864 923 2907 (ed.
944 2863 1049 2903 citee,
1070 2875 1104 2906 p.
1124 2862 1194 2895 124
1212 2868 1249 2895 et
1267 2861 1348 2904 136)
1369 2861 1394 2893 il
1412 2860 1472 2893 fut
1489 2861 1610 2893 arrete
1628 2860 1659 2893 le
1679 2860 1698 2893 9
1715 2860 1800 2903 jan-

104 2920 182 2954 vier
199 2920 293 2953 1382
313 2925 351 2952 et
369 2919 553 2952 transfere
573 2919 594 2951 a
611 2919 756 2951 Aversa
774 2918 806 2950 le
825 2918 869 2950 13
888 2917 1036 2956 sevrier,
1058 2916 1139 2948 voir
1157 2915 1257 2948 aussi
1276 2926 1311 2958 p.
1332 2914 1388 2947 40.

154 2974 185 3007 2.
216 2973 265 3006 Le
289 2973 334 3006 13
357 2972 512 3005 suivant
534 2972 585 3004 les
610 2972 834 3004 documents
855 2970 998 3002 utilises
1020 2980 1089 3012 par
1111 2969 1149 3002 P.
1174 2969 1433 3011 Baumgarten
1456 2966 1660 3010 (Romische
1683 2960 1801 3010 Qu'c'ir-

103 3026 293 3069 talschrist,
312 3031 339 3058 t.
359 3037 428 3058 xxx
449 3025 584 3068 (1905),
604 3036 638 3068 p.
658 3024 756 3067 167).

153 3080 186 3112 3.
217 3079 367 3118 Baluze,
399 3084 425 3111 t.
456 3090 480 3117 1,
512 3089 546 3120 p.
579 3078 660 3111 538.

154 3133 187 3165 4.
219 3131 323 3164 Lisez
353 3131 517 3164 octobre.
