2083 3458
241 213 324 255 326
892 222 1043 247 NOTAE
1078 221 1138 246 AD
1173 219 1301 244 V1TAs
1826 203 1953 260 [822]

244 312 447 351 Antonius
478 309 721 348 possevinus
762 308 806 358 [t.
836 322 861 353 1,
891 321 929 356 p.
961 304 1082 354 634}
1113 303 1336 342 petrarcha
1364 317 1461 340 vero
1494 302 1546 340 ad
1583 317 1677 341 eum
1706 303 1814 341 dono
1842 303 1955 342 misit

242 370 570 411 vetustissimum
597 367 805 418 exemplar
831 363 1215 403 Commentariorum
1242 361 1369 400 Servii
1397 361 1439 399 in
1470 361 1701 411 Virgilium,
1729 363 1791 400 uti
1816 362 1956 401 videre

241 440 303 470 est
324 431 365 468 in
385 430 518 480 prima
540 427 713 478 epistola
736 425 981 464 petrarchae
1003 423 1055 460 ad
1076 422 1192 459 illum
1214 420 1380 471 scripta.

295 489 549 538 Augustinus
586 485 798 532 Oldoinus,
833 483 875 521 in
909 482 1110 520 Athenaeo
1144 481 1337 529 Romano,
1371 494 1411 530 p.
1450 480 1538 528 135,
1560 488 1741 519 testatur
1761 489 1955 546 poemata

240 549 401 598 aliquot
434 547 551 585 istius
589 544 804 584 cardinalis
840 542 1025 581 extitisse
1062 540 1158 579 olim
1192 539 1234 577 in
1269 512 1406 578 codice
1442 553 1516 577 ms.
1553 539 1770 578 cardinalis
1807 530 1956 579 Sirleti.

246 608 371 655 Idem,
397 622 434 657 p.
462 606 550 652 134,
575 610 872 643 commemorat
895 601 1124 639 orationem
1148 599 1234 649 ejus
1259 599 1312 637 ad
1335 599 1471 637 Gallos
1496 599 1683 637 editam
1674 614 1715 636 1n
1740 599 1958 649 Spicilegio

240 675 409 705 veterum
439 665 675 715 scriptorum
706 677 728 700 a
761 661 928 700 domino
960 660 1071 697 Luca
1104 658 1305 697 Dacherio
1337 658 1540 696 monacho
1569 658 1854 706 Benedictino,
1886 658 1957 696 ubi

241 741 314 776 ego
335 726 449 763 illam
470 723 644 774 reperire
667 736 748 760 non
770 719 902 771 potui.

295 785 338 823 Ρ.
374 784 463 831 206,
497 782 563 832 lig.
599 782 660 819 21.
697 781 980 819 GUILLERMUS
1017 792 1071 815 DE
1106 777 1245 815 AURA.
1279 776 1374 815 Fuit
1407 776 1472 815 ille
1498 776 1631 827 primo
1657 777 1883 815 monachus
1917 776 1959 814 in

241 842 492 882 monasterio
523 839 749 887 Lesatensi‚
780 839 842 877 uti
880 837 1082 888 scriptum
1119 845 1181 875 est
1221 836 1262 874 in
1294 836 1476 874 Secunda
1506 836 1586 874 vita
1615 836 1819 874 Benedicti
1849 835 1959 883 XII,

244 903 289 953 [t.
306 903 348 954 l],
365 918 403 953 p.
421 901 510 948 213,
528 909 569 939 et
590 900 765 950 ipsemet
785 898 1026 937 Guillelmus
1047 897 1168 935 docet
1194 896 1236 933 in
1258 895 1432 946 epistola
1458 896 1509 933 ad
1532 895 1755 934 monachos
1773 895 1959 945 ejusdem

243 960 481 1000 monasterii
507 960 674 1010 scripta,
703 972 807 1008 quae
833 965 952 996 extat
971 956 1010 994 in
1030 964 1154 994 tomo
1177 970 1249 993 xm
1281 954 1434 993 Galliae
1455 954 1709 992 Christianae
1735 954 1959 1005 [Instrum.,

244 1022 316 1060 col.
344 1020 554 1070 179-180].
582 1019 715 1067 Quare
738 1016 957 1056 temeraria
980 1015 1068 1054 Visa
1092 1023 1154 1054 est
1178 1014 1415 1064 conjectura
1441 1014 1616 1052 Frizonii
1641 1013 1842 1052 censentis
1867 1027 1960 1052 eum

243 1081 473 1131 professum
501 1093 585 1117 esse
613 1076 943 1115 monachismum
969 1075 1011 1113 in
1039 1073 1289 1112 monasterio
1318 1073 1469 1111 Montis
1499 1073 1726 1121 Olivarum,
1757 1073 1852 1123 quia
1879 1072 1961 1111 illic

244 1140 373 1178 abbas
389 1139 480 1177 fuit.
500 1138 674 1176 Factum
689 1150 810 1187 porro
827 1135 950 1173 fuisse
966 1134 1164 1172 abbatem
1179 1148 1201 1172 a
1219 1133 1379 1171 Joanne
1397 1133 1526 1170 XXII
1539 1147 1648 1170 anno
1664 1132 1960 1171 MCCCXXIII

244 1198 403 1237 invenit
431 1198 473 1236 in
502 1195 781 1235 monumentis
811 1194 1020 1233 Veteribus
1051 1193 1238 1243 ejusdem
1266 1191 1506 1230 monasterii
1535 1192 1597 1229 vir
1623 1191 1960 1242 diligentissimus

247 1258 422 1297 domnus
459 1256 652 1295 Claudius
689 1253 1000 1305 Stephanotius.

300 1318 359 1355 Eo
391 1325 576 1367 tempore
609 1329 689 1365 quo
722 1314 857 1352 adhuc
889 1321 977 1351 erat
1008 1312 1137 1351 abbas
1170 1310 1423 1349 Montisolivi
1453 1310 1702 1349 Benedictus
1737 1310 1822 1348 XII
1855 1309 1889 1348 ei
1921 1318 1962 1348 et

247 1376 496 1427 quibusdam
534 1374 621 1413 aliis
660 1373 757 1412 viris
797 1373 927 1411 doctis
967 1386 1108 1410 curam
1145 1370 1330 1421 injunxit
1367 1370 1594 1419 corrigendi
1633 1378 1674 1408 et
1710 1368 1962 1408 reformandi

247 1435 548 1474 Formularium
571 1432 915 1484 paenitentiariae.
942 1431 1044 1470 Vide
1070 1445 1207 1481 supra,
1233 1445 1272 1481 p.
1300 1429 1388 1468 723.

300 1495 420 1532 Anno
443 1492 773 1532 MCCCXXXVI
797 1492 983 1541 ejusdem
1006 1489 1212 1529 Guillelmi
1235 1503 1357 1540 opera
1380 1504 1476 1527 usus
1500 1497 1561 1527 est
1583 1488 1693 1527 idem
1713 1487 1962 1527 Benedictus

246 1555 289 1592 in
327 1553 549 1593 condendis
589 1553 705 1591 novis
746 1551 913 1589 Statutis
951 1550 1250 1588 monachorum
1289 1548 1440 1587 ordinis
1480 1547 1612 1586 sancti
1648 1547 1877 1595 Benedicti,
1915 1554 1963 1584 ut

247 1622 366 1664 patet
394 1628 444 1652 ex
469 1612 587 1650 initio
615 1611 854 1650 eorumdem
882 1610 1127 1649 Statutorum
1144 1608 1171 1647 1.

303 1673 460 1711 Eadem
491 1679 741 1722 tempestate
772 1670 882 1708 idem
911 1683 1021 1720 papa
1053 1669 1088 1707 ei
1120 1667 1326 1706 commisit
1358 1666 1634 1717 cognitionem
1666 1665 1965 1705 controversia-

250 1746 341 1770 rum
368 1746 472 1783 quae
500 1740 612 1770 ortae
640 1739 757 1769 erant
778 1730 885 1768 inter
908 1728 1173 1767 pictavinum
1192 1727 1431 1777 episcopum
1450 1727 1783 1776 Magalonensem
1806 1734 1847 1764 et
1873 1738 1964 1763 aca-

252 1791 430 1830 demiam
461 1790 816 1840 Monspeliensem‚
848 1797 896 1826 ut
928 1786 1281 1838 docetpraefatio
1313 1786 1556 1824 Statutorum
1586 1800 1690 1835 quae
1722 1786 1774 1823 ad
1800 1799 1963 1835 compo-

251 1851 385 1888 nenda
403 1850 471 1888 illa
490 1849 657 1887 dissidia
683 1849 911 1887 constituta
932 1855 1029 1886 sunt
1052 1861 1074 1885 a
1090 1846 1321 1885 Bertrando
1338 1846 1387 1883 de
1406 1845 1574 1893 Deucio,
1596 1844 1802 1883 cardinale
1825 1843 1964 1883 Sancti

253 1910 379 1947 Marci
410 1924 518 1947 anno
550 1908 900 1947 MCCCXXXIX.

307 1969 426 2007 Anno
465 1968 858 2015 MCCCXXXVIH,
899 1966 962 2005 die
1002 1981 1103 2003 xvnl
1144 1964 1384 2012 decembris,
1423 1964 1671 2002 Benedictus
1709 1977 1818 2014 papa
1857 1963 1968 2000 hunc

255 2028 518 2066 Guillelmum
562 2027 715 2077 adlegit
758 2027 800 2064 in
844 2026 1029 2064 ordinem
1072 2024 1408 2075 presbyterorum
1453 2023 1723 2061 cardinalium
1767 2031 1808 2061 et
1859 2036 1967 2059 anno

255 2087 456 2137 sequenti,
479 2087 542 2126 die
566 2102 637 2124 XVI
661 2085 853 2136 januarii,
870 2085 904 2123 ei
927 2084 1133 2123 commisit
1155 2083 1326 2121 titulum
1341 2083 1356 2106 2
1383 2083 1523 2121 Sancti
1547 2082 1749 2133 Stephani.
1769 2082 1812 2120 in
1833 2081 1968 2120 Coelio

255 2155 415 2191 monte3
446 2146 539 2184 vide
570 2146 758 2183 Ordinem
788 2145 1014 2183 Romanum
1045 2144 1203 2182 editum
1232 2143 1274 2180 in
1302 2151 1417 2180 tomo
1447 2142 1626 2194 secundo
1657 2141 1795 2180 Musei
1823 2140 1969 2188 Italici,

255 2221 294 2255 p.
331 2205 419 2244 432.

310 2265 477 2315 Semper
519 2273 659 2302 autem
702 2264 819 2302 stetit
861 2263 903 2301 in
946 2262 1085 2301 ordine
1127 2262 1465 2312 presbyterorum
1508 2261 1792 2309 cardinalium,
1836 2274 1968 2310 neque

257 2338 441 2373 unquam
477 2324 615 2374 potuit
650 2323 862 2374 pervenire
899 2323 951 2360 ad
985 2323 1183 2360 honorem
1219 2321 1398 2371 episcopi
1433 2320 1664 2368 cardinalis,
1702 2320 1797 2370 quia
1833 2320 1971 2358 titulus·

257 2383 496 2433 episcopalis
519 2383 802 2430 cardinalatus,
826 2391 873 2420 ut
895 2381 1043 2431 legitur
1064 2381 1106 2418 in
1127 2380 1277 2431 pagina
1300 2380 1377 2418 436
1399 2380 1583 2429 ejusdem
1604 2379 1769 2417 Ordinis
1783 2379 1970 2426 Romani,

260 2457 338 2478 non
367 2442 564 2480 consuevit
593 2441 780 2479 committi
809 2441 933 2478 alicui
962 2439 1159 2478 cardinali
1190 2439 1270 2476 nisi
1299 2439 1429 2489 primo
1456 2438 1577 2487 suerit
1604 2439 1814 2489 episcopus
1843 2453 1971 2477 conse-

260 2509 402 2548 cratus,
428 2501 554 2550 posito
578 2502 679 2551 quod
702 2509 870 2550 tempore
894 2514 968 2550 quo
992 2499 1083 2537 talis
1107 2499 1245 2537 titulus
1269 2498 1509 2548 episcopalis
1533 2506 1642 2535 vacat
1665 2497 1717 2535 sit
1732 2498 1843 2548 prior
1866 2513 1971 2548 pres-

264 2560 481 2608 byterorum
519 2560 787 2597 cardinalium
824 2559 980 2609 primus
1019 2558 1085 2608 qui
1124 2572 1203 2594 non
1239 2557 1318 2606 fuit
1354 2557 1564 2607 episcopus
1603 2565 1847 2594 consecratus
1885 2566 1973 2596 ante

262 2619 543 2669 promotionem
574 2634 690 2656 suam
722 2620 773 2656 ad
804 2618 1108 2656 cardinalatum.
1142 2617 1193 2654 Et
1226 2616 1281 2654 ita
1311 2616 1459 2665 factum
1490 2616 1569 2664 fuit
1601 2617 1756 2666 quando
1789 2617 1974 2654 dominus

262 2678 480 2715 cardinalis
513 2679 556 2715 de
588 2678 759 2715 Bolonia
789 2677 868 2726 fuit
897 2677 1026 2726 sactus
1058 2676 1267 2726 episcopus
1299 2675 1545 2722 Portuensis,
1580 2675 1646 2725 qui
1678 2684 1759 2713 erat
1788 2675 1976 2726 subprior

265 2738 575 2785 presbyterorum
609 2737 889 2784 cardinalium,
925 2736 1019 2786 quia
1049 2736 1178 2785 fuerat
1212 2743 1301 2772 ante
1330 2734 1622 2772 cardinalatum
1654 2734 1976 2785 archiepiscopus

265 2795 547 2843 Lugdunensis
571 2804 828 2843 consecratus,
853 2803 886 2832 et
909 2794 1094 2832 dominus
1118 2793 1336 2832 cardinalis
1359 2793 1612 2831 Montisolivi
1635 2801 1716 2832 erat
1737 2794 1848 2844 prior
1870 2809 1976 2845 pres—

271 2853 484 2903 byterorum
526 2854 804 2893 cardinalium.
848 2854 923 2892 Sed
961 2853 1054 2904 quia
1094 2853 1178 2904 ipse
1217 2852 1401 2890 dominus
1441 2852 1693 2891 Montisolivi
1732 2867 1811 2890 non
1849 2854 1978 2904 fuerat

318 2996 347 3027 1.
376 2995 626 3039 Cocquelincs,
655 3002 676 3029 t.
701 2994 767 3035 111²,
792 3007 826 3039 p.
854 2996 932 3028 214.

319 3048 348 3079 2.
376 3048 422 3080 Le
447 3049 491 3081 ¹18
515 3049 708 3081 decembre
732 3049 837 3089 1338,
863 3049 1009 3092 d’apres
1032 3048 1083 3081 les
1106 3047 1215 3080 livres
1240 3047 1283 3080 dc
1306 3047 1341 3080 la
1365 3046 1550 3081 Chambre
1573 3047 1809 3092 apostolique
1837 3046 1972 3091 (Vidal,

275 3107 296 3132 ί.
326 3112 374 3140 111,
404 3114 437 3143 p.
467 3101 561 3144 4:30).
