2083 3458
276 210 357 250 692
926 225 1077 249 NOTAE
1112 225 1173 249 AD
1207 225 1335 249 VITAs
1830 209 1982 266 [1173]

277 306 556 345 tholomaeum
582 320 692 352 vero,
718 305 788 355 qui
811 320 851 344 se
876 305 1121 343 nominabat
1146 306 1375 353 Urbanum.
1401 321 1472 356 per
1494 305 1579 344 vim
1603 315 1644 345 et
1667 306 1908 344 violentiam
1938 321 1985 345 ac

277 365 482 403 notoriam
511 364 818 415 impressionem
853 365 1136 403 Romanorum
1166 365 1208 402 in
1238 365 1339 403 Sede
1370 365 1596 416 apostolica
1627 366 1749 404 fuisse
1780 366 1985 405 intrusum

275 439 322 463 ac
344 424 479 474 ipsum
501 432 541 462 et
563 438 837 464 successorem
858 439 979 463 suum
1001 425 1123 463 fuisse
1146 433 1186 462 et
1208 440 1293 463 esse
1316 425 1549 475 anfipapas,
1573 425 1839 476 apostaticos,
1862 425 1984 464 schis-

276 484 462 531 maticos,
495 492 536 522 et
567 483 694 522 totius
730 484 933 523 Ecclesiae
967 484 1041 522 Dei
1073 484 1362 523 destructores.
1397 485 1527 522 Extat
1559 485 1658 524 haec
1690 485 1913 523 declaratio
1943 485 1985 523 in

275 552 389 581 tomo
416 551 563 593 quarto
588 543 792 581 Historiae
823 544 1102 582 Universitatis
1127 544 1388 591 Parisiensis‚
1415 559 1454 594 p.
1482 544 1570 582 671.

330 603 540 641 Mortuum
557 602 571 625 1
606 618 690 641 esse
724 603 837 641 illum
864 603 1007 642 eadem
1032 603 1096 641 die
1122 603 1251 641 tradit
1277 604 1391 641 Felix
1417 604 1669 642 Contelorius
1707 604 1760 654 [p.
1790 604 1903 654 102}
1931 604 1986 642 At

276 664 317 700 in
339 662 441 700 libro
465 662 763 712 Obligationum
786 663 1035 701 adnotatum
1058 671 1119 701 est
1142 677 1236 702 eum
1259 661 1404 701 obiisse
1427 663 1636 713 postridie.
1662 664 1765 702 Sane
1788 664 1821 702 si
1842 678 1983 702 verum

274 731 335 760 est
358 736 452 760 eum
476 722 692 761 decessisse
717 722 779 761 die
804 723 961 770 martis,
985 731 1032 760 ut
1055 723 1113 760 ait
1137 723 1406 770 Contelorius,
1432 731 1589 761 certum
1612 732 1673 761 est
1696 737 1790 761 eum
1811 723 1985 773 jamjam

274 782 521 821 moriturum
551 782 690 820 fecisse
720 782 826 821 hanc
857 782 1189 821 declarationem.
1223 782 1317 821 Dies
1347 782 1456 821 enim
1485 798 1557 820 xvi
1587 783 1752 833 augusti
1781 797 1889 821 anno
1918 782 1985 820 illo

273 841 418 880 incidit
442 841 483 878 in
508 841 615 880 diem
639 842 796 881 martis.

328 902 371 939 P.
392 901 481 948 423,
501 901 566 951 lig.
587 901 622 939 9.
644 902 880 939 GERALDUS
902 916 956 938 DE
978 902 1127 940 Pomo.
1149 902 1250 940 Cum
1270 901 1520 940 cardinalem
1537 901 1664 942 istum
1684 910 1845 941 constet
1863 901 1985 940 fuisse

275 961 409 1011 patria
434 961 694 1001 Lemovicem
715 970 755 999 et
780 961 961 1011 Gregorii
985 961 1046 999 XI
1069 976 1116 1000 ac
1138 962 1365 999 multorum
1386 961 1669 1009 cardinalium,
1691 970 1738 999 ut
1760 961 1819 999 ait
1841 962 1985 1000 Petrus

278 1020 479 1070 Rostagni
516 1020 558 1075 in
594 1020 768 1071 epistola
805 1021 858 1058 ad
895 1035 1030 1071 regem
1069 1021 1281 1068 Castellae‚
1322 1021 1683 1071 consanguineum,
1723 1022 1988 1060 vehementer

274 1080 458 1130 suspicor
477 1080 590 1117 illum
615 1089 751 1118 ortum
772 1096 857 1119 esse
879 1096 897 1119 6
920 1080 1010 1119 vico
1033 1081 1081 1119 de
1104 1081 1232 1119 Podio
1253 1095 1379 1131 prope
1401 1080 1540 1120 vicum
1563 1080 1842 1128 Rosariorum,
1864 1081 1987 1131 vulgo

276 1140 448 1187 Rosiens,
466 1139 507 1177 in
525 1140 640 1189 cujus
658 1140 873 1190 parrochia
891 1140 932 1178 in
949 1140 1080 1178 lucem
1099 1140 1233 1179 editus
1252 1148 1313 1179 est
1332 1140 1561 1190 Gregorius.
1581 1140 1746 1179 Vanum
1763 1149 1824 1179 est
1847 1149 1987 1178 autem

275 1200 385 1250 quod
410 1200 586 1237 adnotat
612 1200 835 1247 Frizonius,
860 1215 899 1250 p.
925 1200 1015 1247 412,
1039 1215 1090 1238 ex
1113 1200 1256 1238 eodem
1280 1200 1443 1240 locoex
1468 1214 1548 1250 quo
1572 1200 1725 1250 prodiit
1757 1200 1822 1238 hic
1858 1199 1985 1238 cardi-

276 1259 377 1297 nalis
399 1259 597 1309 prodiisse
619 1259 745 1299 etiam
765 1260 1029 1298 Guillelmum
1049 1260 1097 1298 de
1116 1260 1244 1298 Podio
1265 1260 1358 1298 olim
1381 1259 1619 1310 episcopum
1639 1260 1986 1298 Lemovicensem.

246 1321 248 1325 ’
276 1320 442 1357 Certum
463 1327 525 1357 est
555 1320 664 1357 hunc
686 1319 908 1357 Geraldum
930 1319 1051 1357 fuisse
1074 1320 1323 1358 monachum
1346 1319 1496 1357 ordinis
1518 1319 1651 1358 sancti
1666 1319 1892 1358 Benedicti.
1911 1319 1987 1357 Sed

274 1379 475 1417 incertum
494 1393 564 1417 seu
580 1379 717 1429 potius
734 1379 923 1429 ignotum
939 1388 1000 1417 est
1016 1379 1057 1417 in
1074 1393 1256 1429 quonam
1271 1379 1521 1417 monasterio
1536 1379 1832 1429 professionem
1847 1393 1987 1417 mona-

275 1439 433 1477 chalem
452 1438 644 1477 emiserit.
667 1439 773 1476 Nam
795 1439 905 1489 quod
925 1439 1129 1477 Arnoldus
1150 1439 1284 1486 Wion,
1304 1454 1343 1489 p.
1366 1438 1454 1486 296,
1476 1438 1534 1476 ait
1552 1439 1667 1476 illum
1697 1438 1818 1477 fuisse
1847 1452 1987 1476 mona-

275 1499 398 1537 chum
425 1498 664 1537 monasterii
692 1499 967 1537 Cluniacensis
995 1499 1093 1545 sive,
1122 1507 1169 1536 ut
1196 1498 1283 1536 aliis
1311 1499 1460 1548 placet,
1489 1498 1629 1536 Sancti
1658 1498 1778 1545 Flori‚
1808 1497 1988 1536 ostendit

276 1572 362 1597 rem
388 1573 472 1596 esse
498 1558 698 1596 incertam
725 1567 765 1596 et
792 1558 1042 1608 ambiguam.
1072 1558 1368 1596 Monasterium
1394 1566 1535 1596 tamen
1562 1558 1702 1596 Sancti
1730 1557 1850 1605 Flori,
1878 1557 1987 1607 quod

276 1632 359 1656 non
387 1626 449 1655 est
478 1617 704 1656 admodum
733 1626 939 1656 remotum
963 1632 985 1655 a
1010 1618 1202 1665 Rosariis,
1230 1626 1318 1657 erat
1348 1617 1673 1667 congregationis
1698 1617 1986 1656 Cluniacensis.

334 1678 379 1714 In
404 1677 592 1726 Catalogo
616 1677 805 1715 abbatum
829 1678 1057 1715 monasterii
1083 1677 1219 1715 Sancti
1243 1677 1351 1715 Petri
1377 1678 1420 1715 de
1445 1678 1582 1714 Monte
1605 1677 1647 1714 in
1671 1677 1844 1716 dioecesi
1869 1678 1987 1718 Cata-

276 1737 463 1775 launensi
488 1736 644 1787 reperio
670 1737 785 1774 illum
810 1737 996 1787 ejusdem
1017 1737 1256 1775 monasterii
1278 1737 1476 1776 abbatem
1497 1737 1619 1775 fuisse
1642 1752 1713 1787 per
1739 1751 1867 1774 annos
1888 1737 1988 1774 XIV

277 1805 318 1835 et
349 1797 443 1834 hinc
474 1797 724 1836 translatum
755 1797 807 1834 ad
838 1797 1018 1847 regimen
1050 1796 1215 1846 Majoris
1248 1796 1486 1835 monasterii
1518 1796 1777 1834 Turonensis.
1812 1797 1876 1834 Ex
1907 1810 1988 1846 quo

278 1856 543 1906 consequitur
567 1856 682 1895 illum
707 1870 815 1895 anno
842 1857 1013 1895 MCCCL
1039 1856 1214 1894 evasisse
1241 1856 1437 1894 abbatem
1461 1856 1600 1898 Sancti
1626 1856 1737 1894 Petri
1763 1856 1810 1894 de
1835 1856 1987 1902 Monte7

280 1916 375 1965 quia
414 1924 579 1953 constat
616 1916 731 1953 illum
771 1916 892 1954 Petro
932 1916 1049 1953 fratri
1087 1931 1159 1954 suo
1198 1915 1436 1954 successisse
1474 1915 1516 1953 in
1554 1915 1701 1965 Majori
1739 1915 1988 1953 monasterio

279 1990 387 2013 anno
409 1975 708 2022 MCCCLXIII,
730 1984 777 2013 ut
798 1976 918 2014 docet
938 1984 1082 2014 auctor
1103 1990 1333 2024 anonymus
1351 1976 1411 2012 De
1433 1975 1549 2024 gestis
1569 1975 1843 2025 episcoporum
1866 1975 1988 2012 Turo-

279 2034 463 2072 mensium
481 2043 515 2072 et
532 2035 720 2072 abbatam
739 2035 893 2085 &Ias-'01
881 2035 1159 2073 zsmoncisterii.

331 2094 451 2132 Anno
464 2094 761 2141 MCCCLXIX‚
776 2110 847 2132 XVI
861 2095 927 2132 kal
943 2094 1185 2145 septembris
1202 2094 1264 2144 [17
1278 2093 1412 2143 aout],
1427 2094 1617 2132 Urbanus
1631 2094 1665 2131 V
1678 2093 1712 2132 ei
1725 2102 1764 2132 et
1779 2093 1988 2132 Ludovico

278 2154 469 2204 episcopo
489 2154 705 2203 Bajocensi
727 2168 772 2192 ae
796 2154 947 2192 ,loanni
968 2155 1112 2193 abbati
1135 2153 1275 2192 Sancti
1296 2153 1433 2191 Albini
1455 2153 1761 2203 Andegavensis
1784 2152 1989 2192 commisit

278 2227 453 2251 examen
479 2213 770 2252 miraculorum
800 2228 903 2263 quae
931 2222 1098 2264 patrata
1128 2213 1371 2252 dicebantur
1399 2228 1470 2263 pei
1496 2212 1827 2251 intercessionem
1857 2204 1989 2251 Caroli

278 2272 493 2320 Blesensis‚
511 2272 623 2311 ducis
637 2272 917 2311 Britanniae.
937 2274 1070 2321 Quam
1086 2273 1382 2323 delegationem
1401 2281 1543 2322 postea
1560 2272 1823 2311 confirmavit
1840 2272 1988 2322 Grego-

279 2332 360 2370 rius
386 2332 447 2369 XI
470 2346 578 2370 anno
602 2332 1009 2380 MCCCLXXI,xx11
1034 2333 1113 2371 kal.
1138 2332 1332 2371 februarii
1366 2331 1431 2382 [16
1451 2331 1650 2381 janvier].
1677 2332 1831 2371 Eorum
1853 2331 1987 2369 bullae

280 2377 413 2429 editae
437 2400 534 2429 sunt
557 2392 608 2429 ab
632 2391 795 2430 Andrea
821 2392 1054 2430 Duchesnio
1077 2392 1183 2430 inter
1206 2391 1465 2432 Probationes
1487 2391 1673 2428 historiae
1696 2391 1987 2438 Cmflllionem,

279 2466 317 2501 p.
347 2451 419 2488 127
445 2459 486 2489 et
511 2451 711 2501 sequenti.
740 2452 864 2489 Porro
890 2452 1113 2490 Geraldum
1137 2451 1172 2489 ei
1197 2450 1361 2501 negotio
1386 2465 1469 2488 non
1492 2450 1724 2489 incubuisse
1751 2458 1915 2489 constat
1939 2465 1989 2488 ex

281 2510 474 2548 relatione
501 2510 552 2547 ab
579 2510 769 2560 episcopo
794 2511 1011 2560 Bajocensi
1036 2519 1077 2549 et
1102 2511 1254 2549 abbate
1282 2510 1421 2548 Sancti
1447 2509 1585 2547 Albini
1610 2509 1732 2547 missa
1758 2509 1810 2548 ad
1836 2523 1987 2560 papam

281 2569 520 2619 Gregorium
548 2569 611 2608 die
640 2584 740 2607 xvm
770 2570 1007 2610 decembris.
1039 2570 1199 2608 Scilicet
1225 2570 1309 2619 jam
1338 2578 1443 2616 tum,
1472 2578 1518 2606 ut
1546 2569 1724 2616 videtur,
1752 2569 1794 2606 in
1826 2569 1989 2606 Italiam

281 2629 426 2667 missus
456 2637 545 2667 erat
574 2643 596 2666 a
626 2643 733 2680 papa
764 2630 957 2679 Gregorio
985 2638 1032 2667 ut
1061 2630 1140 2668 illic
1163 2630 1400 2679 fungeretur
1421 2643 1587 2666 munere
1610 2628 1853 2666 thesaurarii
1876 2627 1987 2666 Sedis

329 2786 360 2818 1.
390 2787 418 2818 Il
443 2793 598 2820 mourut
629 2788 661 2820 le
694 2789 738 2821 15
771 2790 863 2822 aosit
887 2789 1035 2832 d’apres
1061 2788 1220 2821 Lacoste
1249 2787 1427 2831 (Histoire
1450 2788 1499 2820 du
1522 2787 1672 2830 Quercy,
1699 2792 1724 2820 t.
1749 2799 1800 2826 111,
1826 2798 1860 2830 p.
1887 2785 1986 2830 301),

281 2838 311 2870 le
340 2840 383 2872 17
412 2840 560 2883 d'apres
591 2841 709 2873 Eubel
741 2842 987 2885 (Hieran-chia,
1017 2848 1042 2875 t.
1070 2855 1093 2882 1,
1123 2854 1157 2886 p.
1188 2842 1260 2885 22).
1288 2860 1337 2864 —
1362 2841 1452 2874 Voir
1477 2852 1541 2873 sur
1569 2840 1691 2873 Pierre
1720 2840 1763 2872 de
1791 2839 1985 2879 Sortenac,

283 2891 325 2924 N.
348 2892 473 2926 Valois
498 2894 537 2936 (t.
557 2906 594 2934 11,
615 2906 649 2938 p.
673 2896 769 2938 509).

336 2946 365 2978 2.
391 2946 480 2979 ‘Voir
505 2948 549 2986 A.
581 2949 624 2981 dc
647 2949 790 2989 Serent,
814 2948 1055 2983 Monuments
1085 2950 1134 2982 dic
1162 2950 1285 2992 proces
1316 2949 1357 2981 de
1389 2947 1644 2981 canonisation
1665 2948 1714 2980 ἀιι
1744 2946 1988 2979 bienheareuoe

284 2998 430 3031 Clearles
452 3001 491 3032 de
514 3001 641 3040 Blois,
667 3002 735 3035 duc
755 3003 796 3035 de
815 3004 1006 3045 Bremgne,
1030 3001 1252 3044 1320-1364,
1278 3001 1550 3039 saint—Brieuc,
1574 3000 1680 3040 1921,
1704 3007 1741 3033 et
1762 3001 1802 3033 B.
1825 3000 1868 3033 A.
1896 3000 1987 3033 Poc-

281 3059 371 3092 quot
394 3054 442 3085 ‹lu
475 3054 722 3095 Haut-Jusse,
745 3054 801 3088 La
819 3056 971 3089 salutate}
999 3057 1040 3089 cle
1070 3056 1221 3089 charles
1248 3056 1289 3088 cle
1318 3054 1432 3093 mois,
1457 3054 1693 3087 dansssRevue
1721 3054 1781 3086 des
1802 3054 1986 3096 question-s

280 3104 504 3147 lu'sloriqiies,
529 3114 553 3140 t.
579 3120 638 3139 L1v
665 3107 798 3152 (1926),
820 3122 853 3153 p.
880 3109 1052 3143 108-114.
