<?xml version="1.0" encoding="UTF-8"?>
<!DOCTYPE html PUBLIC "-//W3C//DTD XHTML 1.0 Transitional//EN"
    "http://www.w3.org/TR/xhtml1/DTD/xhtml1-transitional.dtd">
<html xmlns="http://www.w3.org/1999/xhtml" xml:lang="en" lang="en">
 <head>
  <title>
</title>
<meta http-equiv="Content-Type" content="text/html;charset=utf-8" />
  <meta name='ocr-system' content='tesseract 3.04.00' />
  <meta name='ocr-capabilities' content='ocr_page ocr_carea ocr_par ocr_line ocrx_word'/>
</head>
<body>
  <div class='ocr_page' id='page_1' title='image "./vitaepaparumaven02balu_0878.png"; bbox 0 0 2083 3458; ppageno 0'>
   <div class='ocr_carea' id='block_1_1' title="bbox 266 194 1989 270">
    <p class='ocr_par' dir='ltr' id='par_1_1' title="bbox 266 194 1989 270">
     <span class='ocr_line' id='line_1_1' title="bbox 266 194 1989 270; baseline -0.002 -12"><span class='ocrx_word' id='word_1_1' title='bbox 266 221 349 263; x_wconf 72' lang='grc'>868</span> <span class='ocrx_word' id='word_1_2' title='bbox 932 231 1084 256; x_wconf 80' lang='lat' dir='ltr'><strong>NOTAE</strong></span> <span class='ocrx_word' id='word_1_3' title='bbox 1118 231 1179 256; x_wconf 80' lang='lat' dir='ltr'>AD</span> <span class='ocrx_word' id='word_1_4' title='bbox 1214 230 1342 256; x_wconf 76' lang='lat' dir='ltr'>VITAS</span> <span class='ocrx_word' id='word_1_5' title='bbox 1405 194 1409 197; x_wconf 26' lang='grc' dir='ltr'><em>ι</em></span> <span class='ocrx_word' id='word_1_6' title='bbox 1837 215 1989 270; x_wconf 79' lang='grc'><strong>[1354]</strong></span> 
     </span>
    </p>
   </div>
   <div class='ocr_carea' id='block_1_2' title="bbox 263 315 1991 2927">
    <p class='ocr_par' dir='ltr' id='par_1_2' title="bbox 263 315 1990 964">
     <span class='ocr_line' id='line_1_2' title="bbox 264 315 1987 367; baseline -0.001 -9"><span class='ocrx_word' id='word_1_7' title='bbox 264 319 444 366; x_wconf 80' lang='lat' dir='ltr'>ditionis,</span> <span class='ocrx_word' id='word_1_8' title='bbox 465 318 706 357; x_wconf 78' lang='lat' dir='ltr'>secretarius</span> <span class='ocrx_word' id='word_1_9' title='bbox 727 318 815 367; x_wconf 85' lang='lat' dir='ltr'>ejus</span> <span class='ocrx_word' id='word_1_10' title='bbox 835 315 969 354; x_wconf 88' lang='lat' dir='ltr'>adivit</span> <span class='ocrx_word' id='word_1_11' title='bbox 990 316 1211 364; x_wconf 82' lang='lat' dir='ltr'>Joannem,</span> <span class='ocrx_word' id='word_1_12' title='bbox 1231 315 1476 366; x_wconf 90' lang='lat' dir='ltr'>episcopum</span> <span class='ocrx_word' id='word_1_13' title='bbox 1496 316 1808 365; x_wconf 85' lang='lat' dir='ltr'>Carnotensem,</span> <span class='ocrx_word' id='word_1_14' title='bbox 1828 318 1987 356; x_wconf 88' lang='lat' dir='ltr'>cancel-</span> 
     </span>
     <span class='ocr_line' id='line_1_3' title="bbox 263 375 1986 428; baseline -0.001 -11"><span class='ocrx_word' id='word_1_15' title='bbox 263 379 411 418; x_wconf 89' lang='lat' dir='ltr'>larium</span> <span class='ocrx_word' id='word_1_16' title='bbox 434 378 610 428; x_wconf 82' lang='lat' dir='ltr'>reginae,</span> <span class='ocrx_word' id='word_1_17' title='bbox 636 391 755 415; x_wconf 91' lang='lat' dir='ltr'>orans</span> <span class='ocrx_word' id='word_1_18' title='bbox 779 390 875 414; x_wconf 90' lang='lat' dir='ltr'>eum</span> <span class='ocrx_word' id='word_1_19' title='bbox 897 384 944 413; x_wconf 92' lang='lat' dir='ltr'>ut</span> <span class='ocrx_word' id='word_1_20' title='bbox 971 376 1313 414; x_wconf 88' lang='lat' dir='ltr'>commendatam</span> <span class='ocrx_word' id='word_1_21' title='bbox 1336 375 1512 414; x_wconf 88' lang='lat' dir='ltr'>haberet</span> <span class='ocrx_word' id='word_1_22' title='bbox 1537 389 1705 414; x_wconf 85' lang='lat' dir='ltr'>causam</span> <span class='ocrx_word' id='word_1_23' title='bbox 1729 376 1887 414; x_wconf 89' lang='lat' dir='ltr'>domini</span> <span class='ocrx_word' id='word_1_24' title='bbox 1909 376 1986 417; x_wconf 89' lang='lat' dir='ltr'>sui.</span> 
     </span>
     <span class='ocr_line' id='line_1_4' title="bbox 268 434 1988 488; baseline -0.001 -11"><span class='ocrx_word' id='word_1_25' title='bbox 268 438 497 488; x_wconf 74' lang='lat' dir='ltr'>Respondit</span> <span class='ocrx_word' id='word_1_26' title='bbox 517 436 732 487; x_wconf 89' lang='lat' dir='ltr'>episcopus</span> <span class='ocrx_word' id='word_1_27' title='bbox 754 451 794 474; x_wconf 91' lang='lat' dir='ltr'>se</span> <span class='ocrx_word' id='word_1_28' title='bbox 815 435 1026 474; x_wconf 84' lang='lat' dir='ltr'>facturum</span> <span class='ocrx_word' id='word_1_29' title='bbox 1048 436 1158 485; x_wconf 89' lang='lat' dir='ltr'>quod</span> <span class='ocrx_word' id='word_1_30' title='bbox 1179 434 1243 474; x_wconf 88' lang='lat' dir='ltr'>sui</span> <span class='ocrx_word' id='word_1_31' title='bbox 1262 434 1447 474; x_wconf 88' lang='lat' dir='ltr'>muneris</span> <span class='ocrx_word' id='word_1_32' title='bbox 1468 443 1589 474; x_wconf 90' lang='lat' dir='ltr'>esset.</span> <span class='ocrx_word' id='word_1_33' title='bbox 1615 435 1786 474; x_wconf 78' lang='lat' dir='ltr'>Interim</span> <span class='ocrx_word' id='word_1_34' title='bbox 1807 450 1988 475; x_wconf 83' lang='lat' dir='ltr'>camera-</span> 
     </span>
     <span class='ocr_line' id='line_1_5' title="bbox 264 494 1988 548; baseline -0.002 -11"><span class='ocrx_word' id='word_1_35' title='bbox 264 498 346 537; x_wconf 87' lang='lat' dir='ltr'>rius</span> <span class='ocrx_word' id='word_1_36' title='bbox 365 511 512 548; x_wconf 88' lang='lat' dir='ltr'>papae,</span> <span class='ocrx_word' id='word_1_37' title='bbox 532 496 572 534; x_wconf 87' lang='lat' dir='ltr'>id</span> <span class='ocrx_word' id='word_1_38' title='bbox 591 504 667 543; x_wconf 82' lang='lat' dir='ltr'>est,</span> <span class='ocrx_word' id='word_1_39' title='bbox 689 494 930 533; x_wconf 87' lang='lat' dir='ltr'>Franciscus</span> <span class='ocrx_word' id='word_1_40' title='bbox 950 494 1167 545; x_wconf 90' lang='lat' dir='ltr'>episcopus</span> <span class='ocrx_word' id='word_1_41' title='bbox 1189 494 1623 545; x_wconf 84' lang='lat' dir='ltr'>Gratianopolitanus‚</span> <span class='ocrx_word' id='word_1_42' title='bbox 1644 503 1737 533; x_wconf 90' lang='lat' dir='ltr'>tum</span> <span class='ocrx_word' id='word_1_43' title='bbox 1755 495 1883 534; x_wconf 89' lang='lat' dir='ltr'>etiam</span> <span class='ocrx_word' id='word_1_44' title='bbox 1902 510 1988 535; x_wconf 90' lang='lat' dir='ltr'>car-</span> 
     </span>
     <span class='ocr_line' id='line_1_6' title="bbox 265 554 1983 605; baseline -0.001 -9"><span class='ocrx_word' id='word_1_45' title='bbox 265 558 419 596; x_wconf 85' lang='lat' dir='ltr'>dinales</span> <span class='ocrx_word' id='word_1_46' title='bbox 444 555 691 595; x_wconf 89' lang='lat' dir='ltr'>Cusentinus</span> <span class='ocrx_word' id='word_1_47' title='bbox 714 563 756 593; x_wconf 94' lang='lat' dir='ltr'>et</span> <span class='ocrx_word' id='word_1_48' title='bbox 779 554 1045 602; x_wconf 74' lang='lat' dir='ltr'>Vivariensis,</span> <span class='ocrx_word' id='word_1_49' title='bbox 1070 555 1119 593; x_wconf 90' lang='lat' dir='ltr'>de</span> <span class='ocrx_word' id='word_1_50' title='bbox 1142 555 1288 593; x_wconf 88' lang='lat' dir='ltr'>eadem</span> <span class='ocrx_word' id='word_1_51' title='bbox 1310 569 1351 593; x_wconf 85' lang='lat' dir='ltr'>re</span> <span class='ocrx_word' id='word_1_52' title='bbox 1374 554 1488 605; x_wconf 90' lang='lat' dir='ltr'>apud</span> <span class='ocrx_word' id='word_1_53' title='bbox 1512 554 1852 593; x_wconf 87' lang='lat' dir='ltr'>Ebredunensem</span> <span class='ocrx_word' id='word_1_54' title='bbox 1874 564 1983 594; x_wconf 88' lang='lat' dir='ltr'>trac-</span> 
     </span>
     <span class='ocr_line' id='line_1_7' title="bbox 264 613 1988 666; baseline -0.001 -11"><span class='ocrx_word' id='word_1_55' title='bbox 264 625 410 655; x_wconf 88' lang='lat' dir='ltr'>tarunt</span> <span class='ocrx_word' id='word_1_56' title='bbox 430 630 558 666; x_wconf 89' lang='lat' dir='ltr'>usque</span> <span class='ocrx_word' id='word_1_57' title='bbox 581 615 632 653; x_wconf 88' lang='lat' dir='ltr'>ad</span> <span class='ocrx_word' id='word_1_58' title='bbox 665 628 856 653; x_wconf 89' lang='lat' dir='ltr'>occasum</span> <span class='ocrx_word' id='word_1_59' title='bbox 885 613 993 653; x_wconf 89' lang='lat' dir='ltr'>solis.</span> <span class='ocrx_word' id='word_1_60' title='bbox 1018 614 1092 652; x_wconf 92' lang='lat' dir='ltr'>Die</span> <span class='ocrx_word' id='word_1_61' title='bbox 1114 614 1261 653; x_wconf 88' lang='lat' dir='ltr'>deinde</span> <span class='ocrx_word' id='word_1_62' title='bbox 1284 629 1359 652; x_wconf 82' lang='lat' dir='ltr'>xxl</span> <span class='ocrx_word' id='word_1_63' title='bbox 1381 613 1628 664; x_wconf 81' lang='lat' dir='ltr'>septembris</span> <span class='ocrx_word' id='word_1_64' title='bbox 1651 614 1798 653; x_wconf 91' lang='lat' dir='ltr'>Ottoni</span> <span class='ocrx_word' id='word_1_65' title='bbox 1825 615 1988 653; x_wconf 88' lang='lat' dir='ltr'>tradita</span> 
     </span>
     <span class='ocr_line' id='line_1_8' title="bbox 265 673 1988 726; baseline -0.001 -11"><span class='ocrx_word' id='word_1_66' title='bbox 265 685 363 715; x_wconf 89' lang='lat' dir='ltr'>sunt</span> <span class='ocrx_word' id='word_1_67' title='bbox 381 675 564 726; x_wconf 89' lang='lat' dir='ltr'>capitula</span> <span class='ocrx_word' id='word_1_68' title='bbox 583 673 912 713; x_wconf 76' lang='lat' dir='ltr'>conventionum</span> <span class='ocrx_word' id='word_1_69' title='bbox 928 673 1085 712; x_wconf 88' lang='lat' dir='ltr'>itineris</span> <span class='ocrx_word' id='word_1_70' title='bbox 1101 674 1205 723; x_wconf 79' lang='lat' dir='ltr'>ejus,</span> <span class='ocrx_word' id='word_1_71' title='bbox 1222 682 1269 712; x_wconf 90' lang='lat' dir='ltr'>ut</span> <span class='ocrx_word' id='word_1_72' title='bbox 1287 688 1335 712; x_wconf 95' lang='lat' dir='ltr'>ea</span> <span class='ocrx_word' id='word_1_73' title='bbox 1350 673 1624 712; x_wconf 83' lang='lat' dir='ltr'>examinaret.</span> <span class='ocrx_word' id='word_1_74' title='bbox 1642 674 1749 711; x_wconf 91' lang='lat' dir='ltr'>Tum</span> <span class='ocrx_word' id='word_1_75' title='bbox 1766 674 1918 713; x_wconf 88' lang='lat' dir='ltr'>iterum</span> <span class='ocrx_word' id='word_1_76' title='bbox 1935 675 1988 713; x_wconf 88' lang='lat' dir='ltr'>ad</span> 
     </span>
     <span class='ocr_line' id='line_1_9' title="bbox 266 733 1989 787; baseline -0.001 -14"><span class='ocrx_word' id='word_1_77' title='bbox 266 750 434 787; x_wconf 88' lang='lat' dir='ltr'>papam,</span> <span class='ocrx_word' id='word_1_78' title='bbox 454 750 548 774; x_wconf 90' lang='lat' dir='ltr'>cum</span> <span class='ocrx_word' id='word_1_79' title='bbox 568 749 648 784; x_wconf 89' lang='lat' dir='ltr'>quo</span> <span class='ocrx_word' id='word_1_80' title='bbox 668 742 787 772; x_wconf 89' lang='lat' dir='ltr'>erant</span> <span class='ocrx_word' id='word_1_81' title='bbox 816 733 1063 772; x_wconf 86' lang='lat' dir='ltr'>camerarius</span> <span class='ocrx_word' id='word_1_82' title='bbox 1084 742 1130 771; x_wconf 89' lang='lat' dir='ltr'>ut</span> <span class='ocrx_word' id='word_1_83' title='bbox 1150 749 1222 772; x_wconf 86' lang='lat' dir='ltr'>sex</span> <span class='ocrx_word' id='word_1_84' title='bbox 1241 733 1485 781; x_wconf 81' lang='lat' dir='ltr'>cardinales,</span> <span class='ocrx_word' id='word_1_85' title='bbox 1520 733 1716 771; x_wconf 90' lang='lat' dir='ltr'>nimirum</span> <span class='ocrx_word' id='word_1_86' title='bbox 1737 734 1989 773; x_wconf 85' lang='lat' dir='ltr'>Ambianen-</span> 
     </span>
     <span class='ocr_line' id='line_1_10' title="bbox 268 793 1972 843; baseline -0.001 -10"><span class='ocrx_word' id='word_1_87' title='bbox 268 795 335 843; x_wconf 86' lang='lat' dir='ltr'>sis,</span> <span class='ocrx_word' id='word_1_88' title='bbox 359 793 677 841; x_wconf 81' lang='lat' dir='ltr'>Ebredunensis‚</span> <span class='ocrx_word' id='word_1_89' title='bbox 700 793 964 840; x_wconf 87' lang='lat' dir='ltr'>Cusentinus,</span> <span class='ocrx_word' id='word_1_90' title='bbox 986 793 1034 831; x_wconf 92' lang='lat' dir='ltr'>de</span> <span class='ocrx_word' id='word_1_91' title='bbox 1058 793 1247 841; x_wconf 87' lang='lat' dir='ltr'>Murolio,</span> <span class='ocrx_word' id='word_1_92' title='bbox 1270 793 1318 831; x_wconf 91' lang='lat' dir='ltr'>de</span> <span class='ocrx_word' id='word_1_93' title='bbox 1341 793 1533 842; x_wconf 87' lang='lat' dir='ltr'>Thureyo</span> <span class='ocrx_word' id='word_1_94' title='bbox 1572 801 1614 831; x_wconf 93' lang='lat' dir='ltr'>et</span> <span class='ocrx_word' id='word_1_95' title='bbox 1634 793 1699 832; x_wconf 89' lang='lat' dir='ltr'>hic</span> <span class='ocrx_word' id='word_1_96' title='bbox 1720 793 1972 832; x_wconf 85' lang='lat' dir='ltr'>Vivariensis</span> 
     </span>
     <span class='ocr_line' id='line_1_11' title="bbox 269 852 1988 904; baseline -0.001 -11"><span class='ocrx_word' id='word_1_97' title='bbox 269 856 467 894; x_wconf 88' lang='lat' dir='ltr'>Censuere</span> <span class='ocrx_word' id='word_1_98' title='bbox 498 868 638 892; x_wconf 88' lang='lat' dir='ltr'>omnes</span> <span class='ocrx_word' id='word_1_99' title='bbox 668 853 852 903; x_wconf 80' lang='lat' dir='ltr'>reginam</span> <span class='ocrx_word' id='word_1_100' title='bbox 881 852 1028 891; x_wconf 88' lang='lat' dir='ltr'>debere</span> <span class='ocrx_word' id='word_1_101' title='bbox 1058 861 1251 903; x_wconf 88' lang='lat' dir='ltr'>expetere</span> <span class='ocrx_word' id='word_1_102' title='bbox 1281 852 1500 891; x_wconf 90' lang='lat' dir='ltr'>consilium</span> <span class='ocrx_word' id='word_1_103' title='bbox 1529 861 1571 890; x_wconf 91' lang='lat' dir='ltr'>et</span> <span class='ocrx_word' id='word_1_104' title='bbox 1601 867 1722 903; x_wconf 91' lang='lat' dir='ltr'>opem</span> <span class='ocrx_word' id='word_1_105' title='bbox 1750 867 1885 904; x_wconf 88' lang='lat' dir='ltr'>papae</span> <span class='ocrx_word' id='word_1_106' title='bbox 1915 868 1988 904; x_wconf 89' lang='lat' dir='ltr'>pro</span> 
     </span>
     <span class='ocr_line' id='line_1_12' title="bbox 268 912 1990 964; baseline -0.001 -11"><span class='ocrx_word' id='word_1_107' title='bbox 268 914 519 964; x_wconf 89' lang='lat' dir='ltr'>acquirendo</span> <span class='ocrx_word' id='word_1_108' title='bbox 541 927 666 963; x_wconf 81' lang='lat' dir='ltr'>regno</span> <span class='ocrx_word' id='word_1_109' title='bbox 693 912 989 963; x_wconf 80' lang='lat' dir='ltr'>Neapolitan03</span> <span class='ocrx_word' id='word_1_110' title='bbox 1015 927 1067 950; x_wconf 81' lang='lat' dir='ltr'>ex</span> <span class='ocrx_word' id='word_1_111' title='bbox 1087 913 1233 950; x_wconf 84' lang='lat' dir='ltr'>Diario</span> <span class='ocrx_word' id='word_1_112' title='bbox 1257 912 1441 963; x_wconf 83' lang='lat' dir='ltr'>episcopi</span> <span class='ocrx_word' id='word_1_113' title='bbox 1464 912 1730 951; x_wconf 85' lang='lat' dir='ltr'>Carnotensis</span> <span class='ocrx_word' id='word_1_114' title='bbox 1766 913 1824 963; x_wconf 90' lang='lat' dir='ltr'>[p.</span> <span class='ocrx_word' id='word_1_115' title='bbox 1849 913 1926 951; x_wconf 85' lang='lat'>309</span> <span class='ocrx_word' id='word_1_116' title='bbox 1948 921 1990 952; x_wconf 87' lang='lat' dir='ltr'>et</span> 
     </span>
    </p>

    <p class='ocr_par' dir='ltr' id='par_1_3' title="bbox 268 1031 1990 1201">
     <span class='ocr_line' id='line_1_13' title="bbox 323 1031 1989 1082; baseline -0.001 -11"><span class='ocrx_word' id='word_1_117' title='bbox 323 1034 442 1071; x_wconf 91' lang='lat' dir='ltr'>Anno</span> <span class='ocrx_word' id='word_1_118' title='bbox 471 1032 877 1079; x_wconf 82' lang='lat' dir='ltr'>MCCCLXXXVII,</span> <span class='ocrx_word' id='word_1_119' title='bbox 907 1031 970 1070; x_wconf 90' lang='lat' dir='ltr'>die</span> <span class='ocrx_word' id='word_1_120' title='bbox 1001 1046 1106 1069; x_wconf 84' lang='lat' dir='ltr'>XXVI</span> <span class='ocrx_word' id='word_1_121' title='bbox 1134 1031 1398 1082; x_wconf 80' lang='lat' dir='ltr'>septembris,</span> <span class='ocrx_word' id='word_1_122' title='bbox 1427 1046 1533 1069; x_wconf 91' lang='lat' dir='ltr'>unus</span> <span class='ocrx_word' id='word_1_123' title='bbox 1561 1046 1706 1070; x_wconf 89' lang='lat' dir='ltr'>eorum</span> <span class='ocrx_word' id='word_1_124' title='bbox 1733 1031 1813 1070; x_wconf 86' lang='lat' dir='ltr'>fuit</span> <span class='ocrx_word' id='word_1_125' title='bbox 1841 1031 1913 1082; x_wconf 87' lang='lat' dir='ltr'>qui</span> <span class='ocrx_word' id='word_1_126' title='bbox 1940 1032 1989 1070; x_wconf 89' lang='lat' dir='ltr'>de</span> 
     </span>
     <span class='ocr_line' id='line_1_14' title="bbox 268 1091 1990 1144; baseline -0.001 -13"><span class='ocrx_word' id='word_1_127' title='bbox 268 1093 442 1144; x_wconf 80' lang='lat' dir='ltr'>negotiis</span> <span class='ocrx_word' id='word_1_128' title='bbox 465 1092 579 1143; x_wconf 79' lang='lat' dir='ltr'>regni</span> <span class='ocrx_word' id='word_1_129' title='bbox 603 1091 762 1130; x_wconf 85' lang='lat' dir='ltr'>Siciliae</span> <span class='ocrx_word' id='word_1_130' title='bbox 787 1091 1081 1130; x_wconf 89' lang='lat' dir='ltr'>consultarunt</span> <span class='ocrx_word' id='word_1_131' title='bbox 1105 1106 1200 1130; x_wconf 92' lang='lat' dir='ltr'>cum</span> <span class='ocrx_word' id='word_1_132' title='bbox 1237 1105 1346 1142; x_wconf 86' lang='lat' dir='ltr'>papa</span> <span class='ocrx_word' id='word_1_133' title='bbox 1371 1091 1582 1130; x_wconf 86' lang='lat' dir='ltr'>Clemente</span> <span class='ocrx_word' id='word_1_134' title='bbox 1618 1099 1660 1129; x_wconf 89' lang='lat' dir='ltr'>et</span> <span class='ocrx_word' id='word_1_135' title='bbox 1682 1091 1822 1141; x_wconf 85' lang='lat' dir='ltr'>regina</span> <span class='ocrx_word' id='word_1_136' title='bbox 1847 1091 1990 1131; x_wconf 81' lang='lat' dir='ltr'>Maria.</span> 
     </span>
     <span class='ocr_line' id='line_1_15' title="bbox 272 1150 1104 1201; baseline -0.001 -10"><span class='ocrx_word' id='word_1_137' title='bbox 272 1153 360 1201; x_wconf 86' lang='lat' dir='ltr'>Qua</span> <span class='ocrx_word' id='word_1_138' title='bbox 380 1152 428 1191; x_wconf 87' lang='lat' dir='ltr'>de</span> <span class='ocrx_word' id='word_1_139' title='bbox 447 1167 487 1190; x_wconf 90' lang='lat' dir='ltr'>re</span> <span class='ocrx_word' id='word_1_140' title='bbox 508 1152 668 1191; x_wconf 87' lang='lat' dir='ltr'>dictum</span> <span class='ocrx_word' id='word_1_141' title='bbox 685 1160 749 1190; x_wconf 87' lang='lat' dir='ltr'>est</span> <span class='ocrx_word' id='word_1_142' title='bbox 767 1165 905 1201; x_wconf 86' lang='lat' dir='ltr'>supra,</span> <span class='ocrx_word' id='word_1_143' title='bbox 924 1166 965 1201; x_wconf 90' lang='lat' dir='ltr'>p.</span> <span class='ocrx_word' id='word_1_144' title='bbox 987 1150 1104 1190; x_wconf 84' lang='lat'>1259.</span> 
     </span>
    </p>

    <p class='ocr_par' dir='ltr' id='par_1_4' title="bbox 269 1209 1991 1381">
     <span class='ocr_line' id='line_1_16' title="bbox 324 1209 1991 1261; baseline -0.001 -11"><span class='ocrx_word' id='word_1_145' title='bbox 324 1213 442 1250; x_wconf 85' lang='lat' dir='ltr'>Anno</span> <span class='ocrx_word' id='word_1_146' title='bbox 466 1211 896 1258; x_wconf 85' lang='lat' dir='ltr'>MCCCLXXXVIII,</span> <span class='ocrx_word' id='word_1_147' title='bbox 920 1210 983 1249; x_wconf 89' lang='lat' dir='ltr'>die</span> <span class='ocrx_word' id='word_1_148' title='bbox 1007 1226 1098 1248; x_wconf 85' lang='lat' dir='ltr'>xxv</span> <span class='ocrx_word' id='word_1_149' title='bbox 1119 1210 1314 1261; x_wconf 83' lang='lat' dir='ltr'>januarii,</span> <span class='ocrx_word' id='word_1_150' title='bbox 1336 1209 1529 1248; x_wconf 84' lang='lat' dir='ltr'>interfuit</span> <span class='ocrx_word' id='word_1_151' title='bbox 1552 1209 1620 1248; x_wconf 83' lang='lat' dir='ltr'>alii</span> <span class='ocrx_word' id='word_1_152' title='bbox 1642 1224 1816 1261; x_wconf 85' lang='lat' dir='ltr'>magnae</span> <span class='ocrx_word' id='word_1_153' title='bbox 1839 1210 1991 1250; x_wconf 87' lang='lat' dir='ltr'>delibe-</span> 
     </span>
     <span class='ocr_line' id='line_1_17' title="bbox 269 1269 1990 1322; baseline -0.001 -12"><span class='ocrx_word' id='word_1_154' title='bbox 269 1272 434 1320; x_wconf 78' lang='lat' dir='ltr'>rationi,</span> <span class='ocrx_word' id='word_1_155' title='bbox 452 1271 646 1310; x_wconf 90' lang='lat' dir='ltr'>videlicet</span> <span class='ocrx_word' id='word_1_156' title='bbox 663 1285 716 1309; x_wconf 90' lang='lat' dir='ltr'>an</span> <span class='ocrx_word' id='word_1_157' title='bbox 733 1270 947 1322; x_wconf 77' lang='lat' dir='ltr'>expediret</span> <span class='ocrx_word' id='word_1_158' title='bbox 964 1270 1156 1309; x_wconf 88' lang='lat' dir='ltr'>eamdem</span> <span class='ocrx_word' id='word_1_159' title='bbox 1174 1270 1360 1321; x_wconf 81' lang='lat' dir='ltr'>reginam</span> <span class='ocrx_word' id='word_1_160' title='bbox 1378 1278 1452 1314; x_wconf 78' lang='lat' dir='ltr'>aut</span> <span class='ocrx_word' id='word_1_161' title='bbox 1473 1269 1605 1308; x_wconf 90' lang='lat' dir='ltr'>filium</span> <span class='ocrx_word' id='word_1_162' title='bbox 1622 1270 1710 1320; x_wconf 86' lang='lat' dir='ltr'>ejus</span> <span class='ocrx_word' id='word_1_163' title='bbox 1730 1270 1990 1310; x_wconf 88' lang='lat' dir='ltr'>Ludovicum</span> 
     </span>
     <span class='ocr_line' id='line_1_18' title="bbox 270 1329 1076 1381; baseline -0.001 -12"><span class='ocrx_word' id='word_1_164' title='bbox 270 1332 325 1370; x_wconf 88' lang='lat' dir='ltr'>ire</span> <span class='ocrx_word' id='word_1_165' title='bbox 345 1331 385 1370; x_wconf 90' lang='lat' dir='ltr'>in</span> <span class='ocrx_word' id='word_1_166' title='bbox 405 1331 605 1378; x_wconf 80' lang='lat' dir='ltr'>Siciliam3</span> <span class='ocrx_word' id='word_1_167' title='bbox 625 1330 719 1369; x_wconf 88' lang='lat' dir='ltr'>vide</span> <span class='ocrx_word' id='word_1_168' title='bbox 739 1344 878 1381; x_wconf 80' lang='lat' dir='ltr'>supra,</span> <span class='ocrx_word' id='word_1_169' title='bbox 896 1345 937 1380; x_wconf 92' lang='lat' dir='ltr'>p.</span> <span class='ocrx_word' id='word_1_170' title='bbox 959 1329 1076 1368; x_wconf 82' lang='grc'><strong>1350.</strong></span> 
     </span>
    </p>

    <p class='ocr_par' dir='ltr' id='par_1_5' title="bbox 271 1388 1991 1857">
     <span class='ocr_line' id='line_1_19' title="bbox 327 1388 1991 1441; baseline -0.001 -13"><span class='ocrx_word' id='word_1_171' title='bbox 327 1392 374 1429; x_wconf 90' lang='lat' dir='ltr'>In</span> <span class='ocrx_word' id='word_1_172' title='bbox 399 1390 637 1430; x_wconf 83' lang='lat' dir='ltr'>collectione</span> <span class='ocrx_word' id='word_1_173' title='bbox 662 1389 974 1441; x_wconf 83' lang='lat' dir='ltr'>privilegiorum</span> <span class='ocrx_word' id='word_1_174' title='bbox 999 1404 1021 1427; x_wconf 92' lang='lat' dir='ltr'>a</span> <span class='ocrx_word' id='word_1_175' title='bbox 1047 1389 1219 1428; x_wconf 88' lang='lat' dir='ltr'>summis</span> <span class='ocrx_word' id='word_1_176' title='bbox 1245 1388 1517 1440; x_wconf 87' lang='lat' dir='ltr'>pontificibus</span> <span class='ocrx_word' id='word_1_177' title='bbox 1544 1404 1831 1428; x_wconf 91' lang='lat' dir='ltr'>concessorum</span> <span class='ocrx_word' id='word_1_178' title='bbox 1858 1389 1991 1428; x_wconf 89' lang='lat' dir='ltr'>ordini</span> 
     </span>
     <span class='ocr_line' id='line_1_20' title="bbox 272 1448 1988 1499; baseline -0.001 -10"><span class='ocrx_word' id='word_1_179' title='bbox 272 1450 656 1497; x_wconf 78' lang='lat' dir='ltr'>Carthusianorum‚</span> <span class='ocrx_word' id='word_1_180' title='bbox 685 1464 798 1488; x_wconf 89' lang='lat' dir='ltr'>num.</span> <span class='ocrx_word' id='word_1_181' title='bbox 829 1449 919 1497; x_wconf 77' lang='grc'><strong>101,</strong></span> <span class='ocrx_word' id='word_1_182' title='bbox 946 1450 1142 1499; x_wconf 80' lang='lat' dir='ltr'>leguntur</span> <span class='ocrx_word' id='word_1_183' title='bbox 1167 1449 1311 1488; x_wconf 89' lang='lat' dir='ltr'>literae</span> <span class='ocrx_word' id='word_1_184' title='bbox 1339 1449 1457 1487; x_wconf 90' lang='lat' dir='ltr'>istius</span> <span class='ocrx_word' id='word_1_185' title='bbox 1487 1448 1704 1487; x_wconf 88' lang='lat' dir='ltr'>cardinalis</span> <span class='ocrx_word' id='word_1_186' title='bbox 1733 1449 1856 1487; x_wconf 91' lang='lat' dir='ltr'>datae</span> <span class='ocrx_word' id='word_1_187' title='bbox 1885 1449 1988 1488; x_wconf 85' lang='lat' dir='ltr'>Ave-</span> 
     </span>
     <span class='ocr_line' id='line_1_21' title="bbox 271 1508 1991 1559; baseline -0.001 -11"><span class='ocrx_word' id='word_1_188' title='bbox 271 1510 384 1549; x_wconf 90' lang='lat' dir='ltr'>nioni</span> <span class='ocrx_word' id='word_1_189' title='bbox 428 1525 537 1548; x_wconf 90' lang='lat' dir='ltr'>anno</span> <span class='ocrx_word' id='word_1_190' title='bbox 582 1509 835 1557; x_wconf 79' lang='lat' dir='ltr'>MCCCXCI,</span> <span class='ocrx_word' id='word_1_191' title='bbox 879 1508 942 1547; x_wconf 88' lang='lat' dir='ltr'>die</span> <span class='ocrx_word' id='word_1_192' title='bbox 988 1524 1083 1558; x_wconf 26' lang='lat' dir='ltr'>XIX,</span> <span class='ocrx_word' id='word_1_193' title='bbox 1118 1508 1271 1559; x_wconf 82' lang='lat' dir='ltr'>aprilis,</span> <span class='ocrx_word' id='word_1_194' title='bbox 1317 1508 1466 1558; x_wconf 87' lang='lat' dir='ltr'>quibus</span> <span class='ocrx_word' id='word_1_195' title='bbox 1510 1516 1693 1547; x_wconf 86' lang='lat' dir='ltr'>testatur</span> <span class='ocrx_word' id='word_1_196' title='bbox 1736 1508 1991 1547; x_wconf 87' lang='lat' dir='ltr'>Clementem</span> 
     </span>
     <span class='ocr_line' id='line_1_22' title="bbox 272 1567 1991 1621; baseline -0.001 -14"><span class='ocrx_word' id='word_1_197' title='bbox 272 1584 425 1621; x_wconf 87' lang='lat' dir='ltr'>papam</span> <span class='ocrx_word' id='word_1_198' title='bbox 446 1570 526 1608; x_wconf 89' lang='lat' dir='ltr'>VII</span> <span class='ocrx_word' id='word_1_199' title='bbox 546 1569 666 1608; x_wconf 86' lang='lat' dir='ltr'>vivae</span> <span class='ocrx_word' id='word_1_200' title='bbox 686 1569 799 1608; x_wconf 87' lang='lat' dir='ltr'>vocis</span> <span class='ocrx_word' id='word_1_201' title='bbox 821 1569 986 1607; x_wconf 92' lang='lat' dir='ltr'>oraculo</span> <span class='ocrx_word' id='word_1_202' title='bbox 1005 1568 1223 1607; x_wconf 84' lang='lat' dir='ltr'>indulsisse</span> <span class='ocrx_word' id='word_1_203' title='bbox 1245 1567 1543 1615; x_wconf 81' lang='lat' dir='ltr'>Carthusianis,</span> <span class='ocrx_word' id='word_1_204' title='bbox 1564 1577 1612 1606; x_wconf 92' lang='lat' dir='ltr'>ut</span> <span class='ocrx_word' id='word_1_205' title='bbox 1637 1582 1776 1607; x_wconf 90' lang='lat' dir='ltr'>omnes</span> <span class='ocrx_word' id='word_1_206' title='bbox 1797 1567 1991 1607; x_wconf 87' lang='lat' dir='ltr'>monachi</span> 
     </span>
     <span class='ocr_line' id='line_1_23' title="bbox 272 1627 1989 1678; baseline -0.001 -10"><span class='ocrx_word' id='word_1_207' title='bbox 272 1638 313 1668; x_wconf 87' lang='lat' dir='ltr'>et</span> <span class='ocrx_word' id='word_1_208' title='bbox 333 1629 466 1668; x_wconf 88' lang='lat' dir='ltr'>clerici</span> <span class='ocrx_word' id='word_1_209' title='bbox 485 1629 637 1668; x_wconf 86' lang='lat' dir='ltr'>redditi</span> <span class='ocrx_word' id='word_1_210' title='bbox 658 1628 899 1667; x_wconf 89' lang='lat' dir='ltr'>Carthusiae</span> <span class='ocrx_word' id='word_1_211' title='bbox 924 1627 1184 1666; x_wconf 86' lang='lat' dir='ltr'>Divionensis</span> <span class='ocrx_word' id='word_1_212' title='bbox 1206 1627 1453 1678; x_wconf 84' lang='lat' dir='ltr'>vigesimum</span> <span class='ocrx_word' id='word_1_213' title='bbox 1474 1628 1702 1666; x_wconf 88' lang='lat' dir='ltr'>secundum</span> <span class='ocrx_word' id='word_1_214' title='bbox 1721 1628 1871 1666; x_wconf 89' lang='lat' dir='ltr'>aetatis</span> <span class='ocrx_word' id='word_1_215' title='bbox 1892 1642 1989 1667; x_wconf 86' lang='lat' dir='ltr'>suae</span> 
     </span>
     <span class='ocr_line' id='line_1_24' title="bbox 272 1687 1988 1739; baseline -0.001 -12"><span class='ocrx_word' id='word_1_216' title='bbox 272 1703 428 1727; x_wconf 90' lang='lat' dir='ltr'>annum</span> <span class='ocrx_word' id='word_1_217' title='bbox 446 1688 715 1738; x_wconf 81' lang='lat' dir='ltr'>attingentes,</span> <span class='ocrx_word' id='word_1_218' title='bbox 733 1687 894 1739; x_wconf 88' lang='lat' dir='ltr'>possint</span> <span class='ocrx_word' id='word_1_219' title='bbox 911 1688 963 1725; x_wconf 88' lang='lat' dir='ltr'>ad</span> <span class='ocrx_word' id='word_1_220' title='bbox 977 1688 1291 1738; x_wconf 85' lang='lat' dir='ltr'>presbyteratus</span> <span class='ocrx_word' id='word_1_221' title='bbox 1307 1687 1493 1726; x_wconf 88' lang='lat' dir='ltr'>ordinem</span> <span class='ocrx_word' id='word_1_222' title='bbox 1508 1687 1743 1738; x_wconf 87' lang='lat' dir='ltr'>promoveri</span> <span class='ocrx_word' id='word_1_223' title='bbox 1759 1687 1800 1725; x_wconf 89' lang='lat' dir='ltr'>in</span> <span class='ocrx_word' id='word_1_224' title='bbox 1818 1687 1988 1738; x_wconf 84' lang='lat' dir='ltr'>ipsoque</span> 
     </span>
     <span class='ocr_line' id='line_1_25' title="bbox 272 1746 1988 1798; baseline 0 -12"><span class='ocrx_word' id='word_1_225' title='bbox 272 1748 382 1787; x_wconf 88' lang='lat' dir='ltr'>licite</span> <span class='ocrx_word' id='word_1_226' title='bbox 399 1748 647 1796; x_wconf 86' lang='lat' dir='ltr'>ministrare,</span> <span class='ocrx_word' id='word_1_227' title='bbox 665 1748 830 1786; x_wconf 83' lang='lat' dir='ltr'>defectu</span> <span class='ocrx_word' id='word_1_228' title='bbox 846 1747 981 1786; x_wconf 88' lang='lat' dir='ltr'>dictae</span> <span class='ocrx_word' id='word_1_229' title='bbox 998 1747 1148 1786; x_wconf 88' lang='lat' dir='ltr'>aetatis</span> <span class='ocrx_word' id='word_1_230' title='bbox 1166 1761 1212 1786; x_wconf 84' lang='lat' dir='ltr'>ac</span> <span class='ocrx_word' id='word_1_231' title='bbox 1228 1747 1400 1786; x_wconf 84' lang='lat' dir='ltr'>statutis</span> <span class='ocrx_word' id='word_1_232' title='bbox 1417 1755 1458 1785; x_wconf 88' lang='lat' dir='ltr'>et</span> <span class='ocrx_word' id='word_1_233' title='bbox 1475 1746 1845 1786; x_wconf 86' lang='lat' dir='ltr'>constitutionibus</span> <span class='ocrx_word' id='word_1_234' title='bbox 1861 1746 1988 1798; x_wconf 89' lang='lat' dir='ltr'>ipsius</span> 
     </span>
     <span class='ocr_line' id='line_1_26' title="bbox 274 1806 1679 1857; baseline 0 -11"><span class='ocrx_word' id='word_1_235' title='bbox 274 1808 425 1846; x_wconf 87' lang='lat' dir='ltr'>ordinis</span> <span class='ocrx_word' id='word_1_236' title='bbox 445 1816 486 1846; x_wconf 92' lang='lat' dir='ltr'>et</span> <span class='ocrx_word' id='word_1_237' title='bbox 504 1807 592 1846; x_wconf 88' lang='lat' dir='ltr'>aliis</span> <span class='ocrx_word' id='word_1_238' title='bbox 610 1808 652 1845; x_wconf 91' lang='lat' dir='ltr'>in</span> <span class='ocrx_word' id='word_1_239' title='bbox 671 1807 926 1846; x_wconf 85' lang='lat' dir='ltr'>contrarium</span> <span class='ocrx_word' id='word_1_240' title='bbox 944 1821 1027 1846; x_wconf 92' lang='lat' dir='ltr'>non</span> <span class='ocrx_word' id='word_1_241' title='bbox 1047 1806 1312 1845; x_wconf 87' lang='lat' dir='ltr'>obstantibus</span> <span class='ocrx_word' id='word_1_242' title='bbox 1334 1806 1679 1857; x_wconf 82' lang='lat' dir='ltr'>quibuscumque.</span> 
     </span>
    </p>

    <p class='ocr_par' dir='ltr' id='par_1_6' title="bbox 328 1866 1533 1906">
     <span class='ocr_line' id='line_1_27' title="bbox 328 1866 1533 1906; baseline -0.001 0"><span class='ocrx_word' id='word_1_243' title='bbox 328 1868 446 1906; x_wconf 89' lang='lat' dir='ltr'>Anno</span> <span class='ocrx_word' id='word_1_244' title='bbox 464 1867 740 1906; x_wconf 83' lang='lat' dir='ltr'>MCCCXCIV</span> <span class='ocrx_word' id='word_1_245' title='bbox 754 1867 945 1905; x_wconf 86' lang='lat' dir='ltr'>interfuit</span> <span class='ocrx_word' id='word_1_246' title='bbox 960 1866 1150 1905; x_wconf 88' lang='lat' dir='ltr'>electioni</span> <span class='ocrx_word' id='word_1_247' title='bbox 1176 1866 1392 1905; x_wconf 89' lang='lat' dir='ltr'>Benedicti</span> <span class='ocrx_word' id='word_1_248' title='bbox 1410 1866 1533 1905; x_wconf 89' lang='lat' dir='ltr'>XIII.</span> 
     </span>
    </p>

    <p class='ocr_par' dir='ltr' id='par_1_7' title="bbox 274 1925 1990 2571">
     <span class='ocr_line' id='line_1_28' title="bbox 328 1925 1988 1976; baseline 0 -12"><span class='ocrx_word' id='word_1_249' title='bbox 328 1927 447 1965; x_wconf 89' lang='lat' dir='ltr'>Anno</span> <span class='ocrx_word' id='word_1_250' title='bbox 470 1927 736 1974; x_wconf 82' lang='lat' dir='ltr'>MCCCXCV,</span> <span class='ocrx_word' id='word_1_251' title='bbox 759 1941 896 1965; x_wconf 89' lang='lat' dir='ltr'>mense</span> <span class='ocrx_word' id='word_1_252' title='bbox 917 1926 1048 1976; x_wconf 85' lang='lat' dir='ltr'>junio,</span> <span class='ocrx_word' id='word_1_253' title='bbox 1070 1934 1239 1976; x_wconf 81' lang='lat' dir='ltr'>rogatus</span> <span class='ocrx_word' id='word_1_254' title='bbox 1261 1926 1514 1965; x_wconf 86' lang='lat' dir='ltr'>sententiam</span> <span class='ocrx_word' id='word_1_255' title='bbox 1535 1940 1557 1963; x_wconf 93' lang='lat' dir='ltr'>a</span> <span class='ocrx_word' id='word_1_256' title='bbox 1580 1926 1753 1964; x_wconf 89' lang='lat' dir='ltr'>ducibus</span> <span class='ocrx_word' id='word_1_257' title='bbox 1777 1925 1988 1973; x_wconf 83' lang='lat' dir='ltr'>Franciae,</span> 
     </span>
     <span class='ocr_line' id='line_1_29' title="bbox 277 1985 1988 2036; baseline -0.001 -12"><span class='ocrx_word' id='word_1_258' title='bbox 277 1986 346 2036; x_wconf 88' lang='lat' dir='ltr'>qui</span> <span class='ocrx_word' id='word_1_259' title='bbox 367 1995 460 2024; x_wconf 92' lang='lat' dir='ltr'>tum</span> <span class='ocrx_word' id='word_1_260' title='bbox 481 1995 601 2025; x_wconf 88' lang='lat' dir='ltr'>erant</span> <span class='ocrx_word' id='word_1_261' title='bbox 623 1986 735 2036; x_wconf 84' lang='lat' dir='ltr'>apud</span> <span class='ocrx_word' id='word_1_262' title='bbox 760 1986 1030 2034; x_wconf 85' lang='lat' dir='ltr'>Avenionem,</span> <span class='ocrx_word' id='word_1_263' title='bbox 1054 2000 1108 2024; x_wconf 90' lang='lat' dir='ltr'>an</span> <span class='ocrx_word' id='word_1_264' title='bbox 1130 1986 1257 2025; x_wconf 89' lang='lat' dir='ltr'>cessio</span> <span class='ocrx_word' id='word_1_265' title='bbox 1281 1986 1457 2023; x_wconf 89' lang='lat' dir='ltr'>duorum</span> <span class='ocrx_word' id='word_1_266' title='bbox 1481 1986 1529 2023; x_wconf 91' lang='lat' dir='ltr'>de</span> <span class='ocrx_word' id='word_1_267' title='bbox 1552 2000 1714 2024; x_wconf 89' lang='lat' dir='ltr'>summo</span> <span class='ocrx_word' id='word_1_268' title='bbox 1737 1985 1988 2036; x_wconf 85' lang='lat' dir='ltr'>pontificatu</span> 
     </span>
     <span class='ocr_line' id='line_1_30' title="bbox 274 2045 1988 2096; baseline -0.001 -12"><span class='ocrx_word' id='word_1_269' title='bbox 274 2046 617 2085; x_wconf 85' lang='lat' dir='ltr'>contendentium</span> <span class='ocrx_word' id='word_1_270' title='bbox 638 2045 674 2084; x_wconf 88' lang='lat' dir='ltr'>ei</span> <span class='ocrx_word' id='word_1_271' title='bbox 694 2046 906 2084; x_wconf 81' lang='lat' dir='ltr'>videretur</span> <span class='ocrx_word' id='word_1_272' title='bbox 926 2045 1119 2096; x_wconf 85' lang='lat' dir='ltr'>expedire</span> <span class='ocrx_word' id='word_1_273' title='bbox 1141 2046 1194 2083; x_wconf 85' lang='lat' dir='ltr'>ad</span> <span class='ocrx_word' id='word_1_274' title='bbox 1215 2045 1474 2084; x_wconf 88' lang='lat' dir='ltr'>sarciendam</span> <span class='ocrx_word' id='word_1_275' title='bbox 1498 2045 1703 2084; x_wconf 83' lang='lat' dir='ltr'>Ecclesiae</span> <span class='ocrx_word' id='word_1_276' title='bbox 1725 2045 1988 2084; x_wconf 81' lang='lat' dir='ltr'>concordiam</span> 
     </span>
     <span class='ocr_line' id='line_1_31' title="bbox 275 2103 1988 2155; baseline 0 -12"><span class='ocrx_word' id='word_1_277' title='bbox 275 2105 376 2143; x_wconf 69' lang='lat' dir='ltr'>discit</span> <span class='ocrx_word' id='word_1_278' title='bbox 397 2114 431 2143; x_wconf 89' lang='lat' dir='ltr'>et</span> <span class='ocrx_word' id='word_1_279' title='bbox 452 2105 635 2153; x_wconf 76' lang='lat' dir='ltr'>assernit,</span> <span class='ocrx_word' id='word_1_280' title='bbox 658 2114 705 2143; x_wconf 90' lang='lat' dir='ltr'>ut</span> <span class='ocrx_word' id='word_1_281' title='bbox 728 2114 790 2143; x_wconf 87' lang='lat' dir='ltr'>est</span> <span class='ocrx_word' id='word_1_282' title='bbox 821 2105 863 2143; x_wconf 91' lang='lat' dir='ltr'>in</span> <span class='ocrx_word' id='word_1_283' title='bbox 893 2105 1017 2144; x_wconf 87' lang='lat' dir='ltr'>toties</span> <span class='ocrx_word' id='word_1_284' title='bbox 1041 2105 1214 2144; x_wconf 88' lang='lat' dir='ltr'>laudato</span> <span class='ocrx_word' id='word_1_285' title='bbox 1238 2105 1376 2144; x_wconf 88' lang='lat' dir='ltr'>codice</span> <span class='ocrx_word' id='word_1_286' title='bbox 1401 2104 1558 2143; x_wconf 85' lang='lat' dir='ltr'>archivi</span> <span class='ocrx_word' id='word_1_287' title='bbox 1580 2104 1679 2155; x_wconf 78' lang='lat' dir='ltr'>regii</span> <span class='ocrx_word' id='word_1_288' title='bbox 1702 2103 1940 2143; x_wconf 85' lang='lat' dir='ltr'>Parisiensis</span> <span class='ocrx_word' id='word_1_289' title='bbox 1958 2103 1988 2152; x_wconf 74' lang='lat'>1,</span> 
     </span>
     <span class='ocr_line' id='line_1_32' title="bbox 276 2163 1990 2215; baseline -0.001 -13"><span class='ocrx_word' id='word_1_290' title='bbox 276 2165 319 2202; x_wconf 85' lang='lat' dir='ltr'>in</span> <span class='ocrx_word' id='word_1_291' title='bbox 335 2179 411 2203; x_wconf 78' lang='lat' dir='ltr'>sua</span> <span class='ocrx_word' id='word_1_292' title='bbox 428 2165 669 2203; x_wconf 76' lang='lat' dir='ltr'>conscientia</span> <span class='ocrx_word' id='word_1_293' title='bbox 686 2179 726 2202; x_wconf 78' lang='lat' dir='ltr'>se</span> <span class='ocrx_word' id='word_1_294' title='bbox 745 2164 870 2203; x_wconf 77' lang='lat' dir='ltr'>nichil</span> <span class='ocrx_word' id='word_1_295' title='bbox 898 2165 941 2202; x_wconf 92' lang='lat' dir='ltr'>in</span> <span class='ocrx_word' id='word_1_296' title='bbox 968 2165 1040 2203; x_wconf 81' lang='lat' dir='ltr'>hac</span> <span class='ocrx_word' id='word_1_297' title='bbox 1069 2165 1235 2203; x_wconf 86' lang='lat' dir='ltr'>materia</span> <span class='ocrx_word' id='word_1_298' title='bbox 1262 2164 1461 2202; x_wconf 75' lang='lat' dir='ltr'>dicturam</span> <span class='ocrx_word' id='word_1_299' title='bbox 1479 2164 1582 2214; x_wconf 78' lang='lat' dir='ltr'>qaod</span> <span class='ocrx_word' id='word_1_300' title='bbox 1600 2164 1643 2201; x_wconf 91' lang='lat' dir='ltr'>in</span> <span class='ocrx_word' id='word_1_301' title='bbox 1668 2163 1868 2215; x_wconf 78' lang='lat' dir='ltr'>presentia</span> <span class='ocrx_word' id='word_1_302' title='bbox 1885 2178 1990 2214; x_wconf 84' lang='lat' dir='ltr'>pape</span> 
     </span>
     <span class='ocr_line' id='line_1_33' title="bbox 275 2223 1988 2274; baseline -0.001 -12"><span class='ocrx_word' id='word_1_303' title='bbox 275 2223 501 2272; x_wconf 71' lang='lat' dir='ltr'>Clementis,</span> <span class='ocrx_word' id='word_1_304' title='bbox 532 2224 596 2262; x_wconf 77' lang='lat' dir='ltr'>cui</span> <span class='ocrx_word' id='word_1_305' title='bbox 627 2225 796 2262; x_wconf 77' lang='lat' dir='ltr'>multam</span> <span class='ocrx_word' id='word_1_306' title='bbox 824 2225 1026 2262; x_wconf 71' lang='lat' dir='ltr'>tenebatur</span> <span class='ocrx_word' id='word_1_307' title='bbox 1054 2232 1089 2262; x_wconf 87' lang='lat' dir='ltr'>et</span> <span class='ocrx_word' id='word_1_308' title='bbox 1117 2223 1384 2273; x_wconf 73' lang='lat' dir='ltr'>obligabatur,</span> <span class='ocrx_word' id='word_1_309' title='bbox 1416 2238 1496 2262; x_wconf 89' lang='lat' dir='ltr'>non</span> <span class='ocrx_word' id='word_1_310' title='bbox 1525 2223 1689 2261; x_wconf 70' lang='lat' dir='ltr'>dixisset</span> <span class='ocrx_word' id='word_1_311' title='bbox 1716 2231 1751 2261; x_wconf 84' lang='lat' dir='ltr'>et</span> <span class='ocrx_word' id='word_1_312' title='bbox 1779 2224 1881 2274; x_wconf 80' lang='lat' dir='ltr'>quod</span> <span class='ocrx_word' id='word_1_313' title='bbox 1908 2237 1988 2261; x_wconf 88' lang='lat' dir='ltr'>non</span> 
     </span>
     <span class='ocr_line' id='line_1_34' title="bbox 276 2282 1989 2334; baseline -0.001 -13"><span class='ocrx_word' id='word_1_314' title='bbox 276 2283 415 2322; x_wconf 83' lang='lat' dir='ltr'>diceret</span> <span class='ocrx_word' id='word_1_315' title='bbox 440 2283 483 2321; x_wconf 86' lang='lat' dir='ltr'>in</span> <span class='ocrx_word' id='word_1_316' title='bbox 507 2284 706 2334; x_wconf 79' lang='lat' dir='ltr'>presentia</span> <span class='ocrx_word' id='word_1_317' title='bbox 731 2284 884 2322; x_wconf 85' lang='lat' dir='ltr'>domini</span> <span class='ocrx_word' id='word_1_318' title='bbox 910 2283 1034 2322; x_wconf 77' lang='lat' dir='ltr'>nostri</span> <span class='ocrx_word' id='word_1_319' title='bbox 1058 2298 1162 2334; x_wconf 83' lang='lat' dir='ltr'>pape</span> <span class='ocrx_word' id='word_1_320' title='bbox 1188 2283 1406 2330; x_wconf 79' lang='lat' dir='ltr'>Benedicti,</span> <span class='ocrx_word' id='word_1_321' title='bbox 1432 2283 1467 2320; x_wconf 78' lang='lat' dir='ltr'>si</span> <span class='ocrx_word' id='word_1_322' title='bbox 1493 2297 1654 2333; x_wconf 78' lang='lat' dir='ltr'>presens</span> <span class='ocrx_word' id='word_1_323' title='bbox 1677 2291 1787 2322; x_wconf 76' lang='lat' dir='ltr'>esset.</span> <span class='ocrx_word' id='word_1_324' title='bbox 1813 2283 1864 2321; x_wconf 89' lang='lat' dir='ltr'>Et</span> <span class='ocrx_word' id='word_1_325' title='bbox 1887 2282 1989 2321; x_wconf 74' lang='lat' dir='ltr'>dixit</span> 
     </span>
     <span class='ocr_line' id='line_1_35' title="bbox 275 2341 1988 2394; baseline -0.001 -14"><span class='ocrx_word' id='word_1_326' title='bbox 275 2343 376 2392; x_wconf 79' lang='lat' dir='ltr'>quod</span> <span class='ocrx_word' id='word_1_327' title='bbox 399 2343 441 2380; x_wconf 88' lang='lat' dir='ltr'>in</span> <span class='ocrx_word' id='word_1_328' title='bbox 464 2343 704 2381; x_wconf 77' lang='lat' dir='ltr'>conscientia</span> <span class='ocrx_word' id='word_1_329' title='bbox 724 2358 800 2381; x_wconf 77' lang='lat' dir='ltr'>saa</span> <span class='ocrx_word' id='word_1_330' title='bbox 822 2343 975 2381; x_wconf 65' lang='lat' dir='ltr'>videtur</span> <span class='ocrx_word' id='word_1_331' title='bbox 995 2343 1075 2381; x_wconf 76' lang='lat' dir='ltr'>sibi</span> <span class='ocrx_word' id='word_1_332' title='bbox 1099 2344 1202 2394; x_wconf 76' lang='lat' dir='ltr'>qaod</span> <span class='ocrx_word' id='word_1_333' title='bbox 1223 2343 1288 2381; x_wconf 65' lang='lat' dir='ltr'>via</span> <span class='ocrx_word' id='word_1_334' title='bbox 1312 2342 1448 2386; x_wconf 86' lang='lat' dir='ltr'>melior</span> <span class='ocrx_word' id='word_1_335' title='bbox 1470 2351 1583 2392; x_wconf 71' lang='lat' dir='ltr'>atque</span> <span class='ocrx_word' id='word_1_336' title='bbox 1603 2342 1825 2392; x_wconf 75' lang='lat' dir='ltr'>factibilior</span> <span class='ocrx_word' id='word_1_337' title='bbox 1846 2350 1902 2380; x_wconf 79' lang='lat' dir='ltr'>est</span> <span class='ocrx_word' id='word_1_338' title='bbox 1923 2341 1988 2380; x_wconf 69' lang='lat' dir='ltr'>via</span> 
     </span>
     <span class='ocr_line' id='line_1_36' title="bbox 275 2401 1988 2453; baseline -0.001 -14"><span class='ocrx_word' id='word_1_339' title='bbox 275 2402 482 2449; x_wconf 78' lang='lat' dir='ltr'>cessionis3</span> <span class='ocrx_word' id='word_1_340' title='bbox 507 2411 541 2440; x_wconf 85' lang='lat' dir='ltr'>et</span> <span class='ocrx_word' id='word_1_341' title='bbox 563 2402 682 2440; x_wconf 82' lang='lat' dir='ltr'>credit</span> <span class='ocrx_word' id='word_1_342' title='bbox 705 2402 871 2452; x_wconf 76' lang='lat' dir='ltr'>firmiter</span> <span class='ocrx_word' id='word_1_343' title='bbox 893 2403 995 2453; x_wconf 77' lang='lat' dir='ltr'>qnod</span> <span class='ocrx_word' id='word_1_344' title='bbox 1017 2402 1084 2453; x_wconf 80' lang='lat' dir='ltr'>qai</span> <span class='ocrx_word' id='word_1_345' title='bbox 1107 2417 1194 2440; x_wconf 87' lang='lat' dir='ltr'>eam</span> <span class='ocrx_word' id='word_1_346' title='bbox 1216 2402 1420 2440; x_wconf 73' lang='lat' dir='ltr'>obtulisset</span> <span class='ocrx_word' id='word_1_347' title='bbox 1442 2411 1610 2452; x_wconf 83' lang='lat' dir='ltr'>tempore</span> <span class='ocrx_word' id='word_1_348' title='bbox 1634 2401 1847 2440; x_wconf 80' lang='lat' dir='ltr'>Clementis</span> <span class='ocrx_word' id='word_1_349' title='bbox 1864 2415 1988 2452; x_wconf 78' lang='lat' dir='ltr'>pape,</span> 
     </span>
     <span class='ocr_line' id='line_1_37' title="bbox 277 2459 1988 2511; baseline 0 -13"><span class='ocrx_word' id='word_1_350' title='bbox 277 2461 361 2511; x_wconf 79' lang='lat' dir='ltr'>ipse</span> <span class='ocrx_word' id='word_1_351' title='bbox 381 2470 513 2499; x_wconf 83' lang='lat' dir='ltr'>contra</span> <span class='ocrx_word' id='word_1_352' title='bbox 531 2476 651 2499; x_wconf 71' lang='lat' dir='ltr'>Silam</span> <span class='ocrx_word' id='word_1_353' title='bbox 670 2462 945 2500; x_wconf 75' lang='lat' dir='ltr'>adversariam</span> <span class='ocrx_word' id='word_1_354' title='bbox 963 2462 1063 2501; x_wconf 75' lang='lat' dir='ltr'>satis</span> <span class='ocrx_word' id='word_1_355' title='bbox 1083 2462 1332 2500; x_wconf 76' lang='lat' dir='ltr'>obtinuisset.</span> <span class='ocrx_word' id='word_1_356' title='bbox 1355 2461 1456 2500; x_wconf 89' lang='lat' dir='ltr'>Vide</span> <span class='ocrx_word' id='word_1_357' title='bbox 1478 2461 1605 2500; x_wconf 88' lang='lat' dir='ltr'>etiam</span> <span class='ocrx_word' id='word_1_358' title='bbox 1626 2469 1656 2500; x_wconf 91' lang='lat' dir='ltr'>t.</span> <span class='ocrx_word' id='word_1_359' title='bbox 1679 2476 1718 2500; x_wconf 93' lang='lat' dir='ltr'>v1</span> <span class='ocrx_word' id='word_1_360' title='bbox 1742 2460 1954 2511; x_wconf 80' lang='lat' dir='ltr'>Spicilegii</span> <span class='ocrx_word' id='word_1_361' title='bbox 1973 2459 1988 2483; x_wconf 81' lang='lat'>2</span> 
     </span>
     <span class='ocr_line' id='line_1_38' title="bbox 279 2520 1915 2571; baseline 0.001 -14"><span class='ocrx_word' id='word_1_362' title='bbox 279 2520 537 2569; x_wconf 84' lang='lat' dir='ltr'>Dacheriani,</span> <span class='ocrx_word' id='word_1_363' title='bbox 562 2536 600 2571; x_wconf 92' lang='lat' dir='ltr'>p.</span> <span class='ocrx_word' id='word_1_364' title='bbox 628 2521 715 2560; x_wconf 79' lang='grc'><strong>139.</strong></span> <span class='ocrx_word' id='word_1_365' title='bbox 1910 2522 1915 2529; x_wconf 85' lang='grc'><em>“</em></span> 
     </span>
    </p>

    <p class='ocr_par' dir='ltr' id='par_1_8' title="bbox 274 2579 1987 2927">
     <span class='ocr_line' id='line_1_39' title="bbox 330 2579 1987 2632; baseline 0 -15"><span class='ocrx_word' id='word_1_366' title='bbox 330 2580 492 2627; x_wconf 85' lang='lat' dir='ltr'>Postea,</span> <span class='ocrx_word' id='word_1_367' title='bbox 512 2580 574 2618; x_wconf 90' lang='lat' dir='ltr'>uti</span> <span class='ocrx_word' id='word_1_368' title='bbox 591 2595 712 2631; x_wconf 87' lang='lat' dir='ltr'>saepe</span> <span class='ocrx_word' id='word_1_369' title='bbox 732 2580 892 2620; x_wconf 90' lang='lat' dir='ltr'>dictum</span> <span class='ocrx_word' id='word_1_370' title='bbox 910 2589 972 2619; x_wconf 91' lang='lat' dir='ltr'>est</span> <span class='ocrx_word' id='word_1_371' title='bbox 990 2595 1129 2632; x_wconf 86' lang='lat' dir='ltr'>supra,</span> <span class='ocrx_word' id='word_1_372' title='bbox 1149 2580 1261 2619; x_wconf 86' lang='lat' dir='ltr'>fuere</span> <span class='ocrx_word' id='word_1_373' title='bbox 1281 2579 1353 2631; x_wconf 85' lang='lat' dir='ltr'>qui</span> <span class='ocrx_word' id='word_1_374' title='bbox 1370 2579 1454 2630; x_wconf 85' lang='lat' dir='ltr'>regi</span> <span class='ocrx_word' id='word_1_375' title='bbox 1472 2580 1717 2630; x_wconf 85' lang='lat' dir='ltr'>persuadere</span> <span class='ocrx_word' id='word_1_376' title='bbox 1738 2587 1987 2618; x_wconf 87' lang='lat' dir='ltr'>conarentur</span> 
     </span>
     <span class='ocr_line' id='line_1_40' title="bbox 276 2638 1982 2691; baseline 0.001 -16"><span class='ocrx_word' id='word_1_377' title='bbox 276 2638 501 2677; x_wconf 88' lang='lat' dir='ltr'>cardinales</span> <span class='ocrx_word' id='word_1_378' title='bbox 524 2640 626 2678; x_wconf 84' lang='lat' dir='ltr'>velle</span> <span class='ocrx_word' id='word_1_379' title='bbox 648 2640 834 2679; x_wconf 86' lang='lat' dir='ltr'>recedere</span> <span class='ocrx_word' id='word_1_380' title='bbox 858 2641 909 2678; x_wconf 87' lang='lat' dir='ltr'>ab</span> <span class='ocrx_word' id='word_1_381' title='bbox 932 2654 979 2679; x_wconf 85' lang='lat' dir='ltr'>ea</span> <span class='ocrx_word' id='word_1_382' title='bbox 1002 2640 1209 2691; x_wconf 90' lang='lat' dir='ltr'>opinione.</span> <span class='ocrx_word' id='word_1_383' title='bbox 1234 2640 1323 2689; x_wconf 85' lang='lat' dir='ltr'>Qua</span> <span class='ocrx_word' id='word_1_384' title='bbox 1347 2639 1395 2677; x_wconf 90' lang='lat' dir='ltr'>de</span> <span class='ocrx_word' id='word_1_385' title='bbox 1418 2654 1458 2678; x_wconf 89' lang='lat' dir='ltr'>re</span> <span class='ocrx_word' id='word_1_386' title='bbox 1482 2654 1576 2678; x_wconf 91' lang='lat' dir='ltr'>cum</span> <span class='ocrx_word' id='word_1_387' title='bbox 1598 2653 1671 2677; x_wconf 83' lang='lat' dir='ltr'>rex</span> <span class='ocrx_word' id='word_1_388' title='bbox 1692 2639 1745 2676; x_wconf 85' lang='lat' dir='ltr'>ad</span> <span class='ocrx_word' id='word_1_389' title='bbox 1767 2653 1834 2677; x_wconf 87' lang='lat' dir='ltr'>eos</span> <span class='ocrx_word' id='word_1_390' title='bbox 1857 2638 1982 2689; x_wconf 86' lang='lat' dir='ltr'>scrip-</span> 
     </span>
     <span class='ocr_line' id='line_1_41' title="bbox 275 2696 1986 2750; baseline 0.001 -16"><span class='ocrx_word' id='word_1_391' title='bbox 275 2697 392 2735; x_wconf 88' lang='lat' dir='ltr'>sisset</span> <span class='ocrx_word' id='word_1_392' title='bbox 425 2698 467 2735; x_wconf 88' lang='lat' dir='ltr'>in</span> <span class='ocrx_word' id='word_1_393' title='bbox 500 2713 731 2746; x_wconf 83' lang='lat' dir='ltr'>commune,</span> <span class='ocrx_word' id='word_1_394' title='bbox 765 2708 806 2737; x_wconf 89' lang='lat' dir='ltr'>et</span> <span class='ocrx_word' id='word_1_395' title='bbox 840 2699 1081 2750; x_wconf 81' lang='lat' dir='ltr'>singillatim</span> <span class='ocrx_word' id='word_1_396' title='bbox 1115 2699 1168 2737; x_wconf 91' lang='lat' dir='ltr'>ad</span> <span class='ocrx_word' id='word_1_397' title='bbox 1201 2713 1542 2749; x_wconf 86' lang='lat' dir='ltr'>unumquemque</span> <span class='ocrx_word' id='word_1_398' title='bbox 1576 2712 1732 2745; x_wconf 88' lang='lat' dir='ltr'>eorum,</span> <span class='ocrx_word' id='word_1_399' title='bbox 1768 2696 1986 2736; x_wconf 83' lang='lat' dir='ltr'>cardinalis</span> 
     </span>
     <span class='ocr_line' id='line_1_42' title="bbox 276 2755 1987 2808; baseline 0.001 -15"><span class='ocrx_word' id='word_1_400' title='bbox 276 2755 524 2795; x_wconf 87' lang='lat' dir='ltr'>Vivariensis</span> <span class='ocrx_word' id='word_1_401' title='bbox 545 2757 778 2808; x_wconf 83' lang='lat' dir='ltr'>rescripsit³</span> <span class='ocrx_word' id='word_1_402' title='bbox 794 2758 857 2797; x_wconf 89' lang='lat' dir='ltr'>die</span> <span class='ocrx_word' id='word_1_403' title='bbox 875 2759 1034 2797; x_wconf 89' lang='lat' dir='ltr'>decima</span> <span class='ocrx_word' id='word_1_404' title='bbox 1057 2758 1238 2797; x_wconf 87' lang='lat' dir='ltr'>octobris</span> <span class='ocrx_word' id='word_1_405' title='bbox 1261 2773 1300 2796; x_wconf 89' lang='lat' dir='ltr'>se</span> <span class='ocrx_word' id='word_1_406' title='bbox 1320 2758 1362 2796; x_wconf 91' lang='lat' dir='ltr'>in</span> <span class='ocrx_word' id='word_1_407' title='bbox 1383 2758 1529 2796; x_wconf 89' lang='lat' dir='ltr'>eadem</span> <span class='ocrx_word' id='word_1_408' title='bbox 1544 2757 1751 2796; x_wconf 86' lang='lat' dir='ltr'>sententia</span> <span class='ocrx_word' id='word_1_409' title='bbox 1767 2772 1852 2795; x_wconf 89' lang='lat' dir='ltr'>esse</span> <span class='ocrx_word' id='word_1_410' title='bbox 1872 2771 1987 2795; x_wconf 89' lang='lat' dir='ltr'>cons-</span> 
     </span>
     <span class='ocr_line' id='line_1_43' title="bbox 274 2815 1987 2866; baseline 0.001 -15"><span class='ocrx_word' id='word_1_411' title='bbox 274 2823 436 2853; x_wconf 86' lang='lat' dir='ltr'>tantem</span> <span class='ocrx_word' id='word_1_412' title='bbox 456 2831 586 2866; x_wconf 88' lang='lat' dir='ltr'>neque</span> <span class='ocrx_word' id='word_1_413' title='bbox 605 2826 884 2865; x_wconf 87' lang='lat' dir='ltr'>mutaturum,</span> <span class='ocrx_word' id='word_1_414' title='bbox 904 2818 1060 2856; x_wconf 88' lang='lat' dir='ltr'>addens</span> <span class='ocrx_word' id='word_1_415' title='bbox 1080 2818 1336 2856; x_wconf 87' lang='lat' dir='ltr'>Clementem</span> <span class='ocrx_word' id='word_1_416' title='bbox 1354 2817 1395 2854; x_wconf 90' lang='lat' dir='ltr'>in</span> <span class='ocrx_word' id='word_1_417' title='bbox 1415 2831 1461 2855; x_wconf 87' lang='lat' dir='ltr'>ea</span> <span class='ocrx_word' id='word_1_418' title='bbox 1481 2825 1637 2855; x_wconf 90' lang='lat' dir='ltr'>secreto</span> <span class='ocrx_word' id='word_1_419' title='bbox 1657 2815 1795 2864; x_wconf 85' lang='lat' dir='ltr'>fuisse,</span> <span class='ocrx_word' id='word_1_420' title='bbox 1814 2830 1987 2866; x_wconf 82' lang='lat' dir='ltr'>eamque</span> 
     </span>
     <span class='ocr_line' id='line_1_44' title="bbox 275 2875 1853 2927; baseline 0.001 -17"><span class='ocrx_word' id='word_1_421' title='bbox 275 2875 596 2914; x_wconf 87' lang='lat' dir='ltr'>communicasse</span> <span class='ocrx_word' id='word_1_422' title='bbox 615 2891 708 2914; x_wconf 89' lang='lat' dir='ltr'>cum</span> <span class='ocrx_word' id='word_1_423' title='bbox 724 2877 856 2926; x_wconf 87' lang='lat' dir='ltr'>priore</span> <span class='ocrx_word' id='word_1_424' title='bbox 874 2891 1048 2927; x_wconf 81' lang='lat' dir='ltr'>magnae</span> <span class='ocrx_word' id='word_1_425' title='bbox 1066 2877 1308 2916; x_wconf 89' lang='lat' dir='ltr'>Carthusiae</span> <span class='ocrx_word' id='word_1_426' title='bbox 1326 2885 1367 2915; x_wconf 88' lang='lat' dir='ltr'>et</span> <span class='ocrx_word' id='word_1_427' title='bbox 1384 2876 1544 2926; x_wconf 85' lang='lat' dir='ltr'>aliquot</span> <span class='ocrx_word' id='word_1_428' title='bbox 1561 2875 1853 2914; x_wconf 86' lang='lat' dir='ltr'>cardinalibus.</span> 
     </span>
    </p>
   </div>
   <div class='ocr_carea' id='block_1_3' title="bbox 322 3009 1787 3108">
    <p class='ocr_par' dir='ltr' id='par_1_9' title="bbox 322 3009 1787 3108">
     <span class='ocr_line' id='line_1_45' title="bbox 327 3009 1787 3056; baseline 0.003 -17"><span class='ocrx_word' id='word_1_429' title='bbox 327 3009 353 3040; x_wconf 89' lang='grc'>1.</span> <span class='ocrx_word' id='word_1_430' title='bbox 386 3009 421 3041; x_wconf 87' lang='grc'>.].</span> <span class='ocrx_word' id='word_1_431' title='bbox 443 3009 522 3049; x_wconf 73' lang='grc'><strong>513,</strong></span> <span class='ocrx_word' id='word_1_432' title='bbox 544 3010 605 3044; x_wconf 80' lang='lat' dir='ltr'>fol.</span> <span class='ocrx_word' id='word_1_433' title='bbox 631 3012 696 3043; x_wconf 81' lang='lat'>102</span> <span class='ocrx_word' id='word_1_434' title='bbox 715 3017 757 3051; x_wconf 87' lang='lat' dir='ltr'>r0,</span> <span class='ocrx_word' id='word_1_435' title='bbox 779 3019 817 3045; x_wconf 85' lang='lat' dir='ltr'>et</span> <span class='ocrx_word' id='word_1_436' title='bbox 835 3012 1006 3045; x_wconf 80' lang='lat' dir='ltr'>Martene</span> <span class='ocrx_word' id='word_1_437' title='bbox 1030 3013 1294 3056; x_wconf 81' lang='lat' dir='ltr'>(Amplissima</span> <span class='ocrx_word' id='word_1_438' title='bbox 1311 3013 1481 3051; x_wconf 81' lang='lat' dir='ltr'>collectio,</span> <span class='ocrx_word' id='word_1_439' title='bbox 1502 3018 1528 3045; x_wconf 87' lang='lat' dir='ltr'>t.</span> <span class='ocrx_word' id='word_1_440' title='bbox 1550 3024 1613 3051; x_wconf 83' lang='lat' dir='ltr'>vn,</span> <span class='ocrx_word' id='word_1_441' title='bbox 1634 3023 1668 3055; x_wconf 92' lang='lat' dir='ltr'>p.</span> <span class='ocrx_word' id='word_1_442' title='bbox 1688 3011 1787 3053; x_wconf 83' lang='lat'>470).</span> 
     </span>
     <span class='ocr_line' id='line_1_46' title="bbox 322 3062 864 3108; baseline 0.015 -17"><span class='ocrx_word' id='word_1_443' title='bbox 322 3064 351 3092; x_wconf 70' lang='lat'>2.</span> <span class='ocrx_word' id='word_1_444' title='bbox 383 3062 589 3105; x_wconf 67' lang='lat' dir='ltr'>bellaguet‚</span> <span class='ocrx_word' id='word_1_445' title='bbox 616 3070 640 3097; x_wconf 84' lang='lat' dir='ltr'>t.</span> <span class='ocrx_word' id='word_1_446' title='bbox 662 3077 699 3104; x_wconf 93' lang='lat'>11,</span> <span class='ocrx_word' id='word_1_447' title='bbox 724 3077 757 3108; x_wconf 93' lang='lat' dir='ltr'>p.</span> <span class='ocrx_word' id='word_1_448' title='bbox 784 3065 864 3098; x_wconf 83' lang='lat'>270.</span> 
     </span>
    </p>
   </div>
   <div class='ocr_carea' id='block_1_4' title="bbox 319 3114 1026 3158">
    <p class='ocr_par' dir='ltr' id='par_1_10' title="bbox 319 3114 1026 3158">
     <span class='ocr_line' id='line_1_47' title="bbox 319 3114 1026 3158; baseline 0.01 -13"><span class='ocrx_word' id='word_1_449' title='bbox 319 3114 349 3145; x_wconf 79' lang='lat'>3.</span> <span class='ocrx_word' id='word_1_450' title='bbox 382 3114 564 3155; x_wconf 77' lang='lat' dir='ltr'>Martene,</span> <span class='ocrx_word' id='word_1_451' title='bbox 591 3123 626 3149; x_wconf 77' lang='lat' dir='ltr'>ut</span> <span class='ocrx_word' id='word_1_452' title='bbox 647 3129 688 3157; x_wconf 76' lang='lat' dir='ltr'>S.,</span> <span class='ocrx_word' id='word_1_453' title='bbox 713 3124 739 3151; x_wconf 85' lang='lat' dir='ltr'>t.</span> <span class='ocrx_word' id='word_1_454' title='bbox 766 3130 827 3158; x_wconf 80' lang='lat' dir='ltr'>vn,</span> <span class='ocrx_word' id='word_1_455' title='bbox 851 3119 920 3152; x_wconf 88' lang='lat' dir='ltr'>col.</span> <span class='ocrx_word' id='word_1_456' title='bbox 944 3120 1026 3152; x_wconf 81' lang='lat'>542.</span> 
     </span>
    </p>
   </div>
  </div>
 </body>
</html>
