2083 3458
268 243 349 286 518
919 257 1071 283 NOTAE
1105 257 1166 282 AD
1199 257 1328 282 vrTAs
1820 241 1963 296 [1437]

266 345 415 393 populo
444 358 519 380 non
549 351 723 380 contento
751 343 794 379 de
822 350 929 379 tanta
959 341 1148 379 dilatione
1174 342 1376 379 asserente
1395 342 1497 391 quod
1521 342 1652 379 statim
1682 342 1860 380 volebant
1885 357 1974 379 eum

267 403 418 451 habere,
448 410 489 440 ut
517 402 667 439 videtur
696 401 761 439 isti
790 401 889 448 testi,
919 401 1139 438 cardinalis
1166 401 1210 438 de
1237 401 1439 450 Agrifolio
1466 401 1660 438 ambabus
1688 401 1876 439 manibus
1902 402 1972 439 ele-

268 462 368 500 vatis
387 462 439 499 ad
455 462 651 511 populu-m
670 460 772 498 disrit
788 461 845 497 eis
866 476 872 497 :
895 461 1001 498 State
1022 460 1063 497 in
1082 475 1191 509 pace,
1212 456 1306 510 quia
1326 474 1394 509 ego
1412 461 1596 509 promitto
1615 461 1724 498 vobis
1743 461 1844 510 quod
1861 460 1974 498 hodie

268 535 336 570 per
369 529 483 558 totam
519 520 623 557 diem
656 519 852 557 habebitis
884 534 1035 569 papam
1069 519 1295 556 Romanum
1329 520 1386 557 vel
1423 519 1636 558 Ytalicum.
1672 520 1723 558 Et
1755 528 1847 557 tunc
1879 520 1974 558 dicti

268 580 489 618 cardinales
505 588 743 617 recesserunt
758 586 791 617 et
807 579 1009 616 intrarunt
1024 580 1229 628 capellam.
1247 579 1298 616 Et
1312 587 1401 628 post
1414 578 1480 616 hec
1493 593 1563 628 per
1575 593 1766 628 magnum
1780 579 1971 629 spatium,

268 639 376 689 quia,
397 647 437 677 ut
454 639 605 676 videtur
624 638 690 676 isti
708 638 807 686 testi,
826 647 907 676 erat
923 639 1016 687 plus
1034 653 1151 688 quam
1169 638 1258 675 hore
1276 638 1396 685 tertie,
1416 652 1505 676 cum
1522 647 1619 676 esset
1637 639 1707 676 iste
1728 639 1835 676 testis
1852 653 1974 688 prope

268 713 462 736 cameram
488 697 706 736 cardinalis
732 697 909 747 Majoris
935 698 1179 745 monasterii,
1206 697 1305 735 vidit
1328 698 1433 735 exire
1461 698 1704 735 cardinalem
1737 698 1781 735 de
1812 698 1974 736 Ursinis

268 766 302 795 et
319 758 445 795 alium
465 772 552 795 cum
571 772 625 805 eo,
646 749 690 794 de
709 771 782 807 quo
802 771 881 794 non
899 757 1122 794 recordatur
1141 757 1230 807 quis
1248 765 1356 804 esset,
1371 765 1405 794 et
1422 757 1536 806 petiit
1550 771 1752 807 papyrum
1767 765 1802 794 et
1816 758 1973 795 incaus-

268 826 350 854 tum
371 817 421 854 ab
444 817 510 855 illo
531 825 633 864 teste,
658 824 699 854 ut
719 816 820 854 dixit
842 817 885 853 in
905 816 1078 853 XLVII
1098 816 1272 865 capitulo
1294 816 1457 854 alterius
1478 831 1605 854 casus.
1630 816 1681 854 Et
1700 817 1750 854 ab
1773 817 1847 854 ista
1880 816 1976 854 hora

270 877 312 913 in
331 884 458 924 antea,
478 876 570 914 data
588 876 737 923 cedula,
756 876 921 913 cessavit
937 890 1082 915 rumor.

322 936 424 973 Cum
450 950 547 974 vero
572 935 792 974 rediissent
818 935 870 972 ad
898 936 1085 985 collegas,
1113 935 1299 972 dominus
1325 935 1369 972 de
1395 935 1609 984 Agrisolio‚
1637 935 1705 985 qui
1730 943 1765 973 et
1789 935 1975 972 dominus

268 995 558 1032 Lemovicensis
578 1003 668 1032 ante
689 995 913 1044 ingressum
934 995 1129 1032 conclavis
1149 1002 1382 1043 rogaverant
1398 995 1532 1043 plures
1551 994 1732 1032 dominos
1752 995 1976 1032 cardinales

271 1055 584 1092 ultramontanos
606 1063 641 1092 et
660 1054 826 1104 ytalicos
849 1054 951 1104 quod
971 1054 1141 1103 placeret
1161 1054 1218 1091 eis
1240 1054 1332 1091 dare
1355 1068 1481 1091 vocem
1514 1068 1630 1091 suam
1658 1053 1889 1091 Vivariensi
1921 1055 1978 1092 vel

269 1114 509 1162 Pictavensi,
538 1114 775 1152 mentionem
800 1113 892 1163 fecit
917 1114 961 1151 de
987 1113 1159 1151 Barensi
1186 1128 1274 1150 cum
1300 1113 1488 1163 pluribus
1515 1112 1703 1161 dominis,
1740 1128 1819 1150 non
1846 1122 1977 1151 tamen

269 1187 357 1210 curn
380 1174 538 1210 domino
561 1172 806 1221 Florentino,
831 1173 933 1211 discit
953 1173 1087 1211 statim
1110 1186 1122 1210 .·
1150 1172 1367 1220 Vadamm,
1393 1173 1585 1210 vadamus
1606 1173 1658 1210 ad
1678 1173 1906 1221 sedendum,
1943 1181 1979 1210 et

269 1233 526 1282 expediamus
549 1247 631 1272 nos.
659 1233 771 1271 Haec
794 1241 891 1270 sunt
912 1233 1038 1271 verba
1063 1232 1280 1270 cardinalis
1305 1232 1550 1279 Florentini3
1575 1246 1625 1271 ex
1648 1232 1796 1282 quibus
1818 1232 1975 1282 liquido

269 1300 387 1342 patet
415 1300 506 1330 tum
534 1292 714 1342 primum
744 1292 995 1331 cardinalem
1024 1292 1072 1330 de
1102 1292 1300 1341 Agrifolio
1329 1292 1529 1341 cogitasse
1558 1292 1606 1330 de
1633 1292 1817 1340 Barensi,
1848 1306 1975 1342 quum

269 1351 393 1390 timor
409 1352 443 1390 ei
458 1352 635 1401 injectus
653 1359 726 1390 est.
747 1352 801 1389 Et
816 1359 959 1390 tamen
974 1352 1209 1401 Alphonsus
1227 1351 1411 1399 eremita,
1430 1351 1526 1389 olim
1542 1351 1755 1402 episcopus
1773 1351 1974 1390 Giennen-

270 1411 336 1459 sis,
371 1411 413 1448 in
445 1411 810 1450 informationibus
847 1426 968 1461 super
1003 1411 1208 1449 creatione
1245 1410 1402 1449 Urbani
1437 1425 1519 1448 non
1554 1410 1766 1448 dubitavit
1799 1424 1976 1449 asserere

270 1471 519 1523 cardinalem
550 1471 598 1509 de
629 1471 841 1520 Agrifolio,
874 1471 943 1520 qui
971 1471 1194 1509 Barensem
1224 1470 1578 1521 archiepiscopum
1607 1470 1832 1520 reputabat
1862 1470 1976 1520 quasi

261 1545 387 1567 suum
417 1530 663 1579 familiarem
694 1530 994 1567 commensalem
1014 1538 1047 1567 et
1080 1544 1169 1567 eum
1211 1528 1379 1567 multum
1410 1529 1583 1578 amabat,
1615 1543 1856 1579 procurasse
1888 1544 1976 1567 cum

269 1590 454 1627 omnibus
471 1590 748 1627 cardinalibus
769 1603 838 1626 sue
855 1589 982 1639 partis
1001 1588 1103 1640 quod
1125 1589 1205 1639 ipsi
1246 1589 1346 1626 dicto
1376 1589 1673 1639 archiepiscopo
1704 1589 1841 1627 darent
1871 1603 1976 1626 voces

268 1664 363 1686 suas
382 1649 425 1686 in
441 1650 634 1697 electione,
650 1649 762 1699 apud
780 1649 999 1687 Odoricum
1029 1649 1305 1699 Raynaldum,
1327 1662 1390 1687 an.
1413 1648 1526 1696 1379,
1552 1648 1568 1697 ξ
1586 1648 1645 1687 14.
1666 1649 1719 1686 Et
1736 1648 1974 1687 Franciscus

270 1709 318 1747 de
363 1709 520 1747 Urbino
551 1709 765 1759 episcopus
805 1708 1057 1746 Faventinus
1083 1722 1106 1746 a
1140 1708 1309 1747 Barensi
1328 1708 1475 1746 missus
1507 1707 1558 1746 ad
1590 1708 1808 1756 Joannem,
1839 1721 1974 1757 regem

271 1769 483 1816 Castessae,
525 1782 648 1806 ausus
679 1776 742 1807 est
773 1768 904 1806 dicere
935 1768 1097 1818 publice
1120 1768 1162 1805 in
1186 1768 1331 1806 celebri
1358 1767 1426 1805 illo
1455 1776 1663 1806 conventu
1691 1767 1835 1805 habito
1863 1767 1974 1817 apud

269 1827 476 1866 Medinam
508 1836 777 1878 campestrem
796 1827 839 1865 in
859 1826 1032 1866 dioecesi
1062 1827 1375 1865 Salmanticensi
1414 1841 1522 1865 anno
1557 1826 1860 1865 MCCCLXXX
1891 1840 1975 1865 car—

271 1887 425 1925 dinales
444 1888 770 1935 Lemovicenses,
788 1901 881 1925 cum
897 1887 1087 1925 viderent
1104 1902 1144 1925 se
1162 1901 1243 1924 non
1259 1901 1377 1936 posse
1394 1886 1526 1925 facere
1542 1900 1696 1936 papam
1713 1901 1732 1925 e
1750 1900 1822 1924 sua
1840 1894 1973 1936 gente,

272 1947 515 1985 conclusisse
534 1947 642 1985 inter
661 1962 701 1985 se
721 1955 817 1985 ante
836 1947 1065 1996 ingressum
1086 1946 1290 1984 conclavis
1311 1946 1455 1996 eligere
1472 1945 1687 1985 dominum
1706 1946 1974 1996 archiepisco-

270 2021 370 2056 pum
393 2015 493 2045 tunc
517 2006 752 2054 Bau—ensem,
779 2014 819 2045 et
844 2006 1058 2044 dominum
1084 2006 1372 2043 pictavensem
1406 2006 1457 2042 ad
1482 2005 1558 2043 hoc
1590 2005 1821 2055 requisiisse
1845 2004 1974 2042 domi-

271 2080 369 2102 num
399 2066 435 2104 S.
468 2066 592 2113 Petri,
621 2066 745 2115 idque
773 2066 909 2115 ipsum
938 2073 1079 2115 patere
1108 2065 1234 2103 etiam
1264 2080 1313 2103 ex
1342 2065 1524 2114 quadam
1552 2065 1726 2114 epistola
1756 2064 1973 2103 cardinalis

272 2125 562 2163 Glandatensis
594 2126 746 2175 scripta
778 2140 848 2175 per
877 2133 959 2163 tres
992 2125 1075 2162 dies
1107 2133 1203 2162 ante
1234 2125 1462 2174 ingressum
1493 2124 1710 2163 conclavis.
1746 2124 1799 2161 Et
1829 2124 1973 2161 statim

271 2184 388 2221 addit
407 2184 421 2207 1
463 2200 470 2222 :
514 2184 622 2222 Satis
649 2185 767 2222 etiam
795 2184 863 2221 hoc
893 2184 1084 2221 indicavit.
1111 2184 1296 2221 dominus
1325 2183 1543 2221 cardinalis
1571 2184 1614 2220 de
1642 2183 1855 2232 Agrijolio‚
1885 2197 1974 2220 cum

271 2244 395 2281 eidem
422 2244 581 2281 domino
610 2252 739 2282 nostro
766 2244 853 2281 sede
880 2252 1040 2281 vacante
1068 2243 1169 2281 discit
1196 2243 1297 2293 quod
1322 2257 1441 2292 super
1468 2242 1649 2280 humeros
1675 2257 1768 2280 suos
1797 2242 1839 2279 in
1870 2242 1973 2279 brevi

272 2317 397 2341 unum
426 2311 634 2353 poneretur
663 2317 854 2352 magnum
883 2317 994 2341 onus.
1027 2302 1197 2352 Aliquid
1224 2303 1342 2340 etiam
1370 2302 1450 2339 sibi
1479 2302 1605 2350 tetigit
1632 2302 1759 2339 dictus
1788 2301 1973 2339 dominus

279 2361 547 2400 Gebennensis
570 2377 691 2412 prope
715 2361 916 2400 ecclesiam
942 2362 1078 2399 Sancti
1104 2361 1294 2411 Spiritus.
1323 2361 1400 2399 Sed
1433 2361 1657 2410 expressius
1690 2361 1758 2398 hoc
1790 2361 1974 2398 dixerunt

274 2422 334 2459 illi
352 2422 572 2459 cardinales
591 2422 658 2472 qui
675 2424 912 2471 promotores
929 2436 997 2458 seu
1014 2430 1243 2471 protectores
1260 2429 1372 2459 erant
1388 2421 1543 2458 domine
1561 2420 1694 2469 regine
1711 2428 1804 2458 tunc
1824 2420 1975 2469 Apulie

274 2480 316 2517 in
334 2495 476 2529 magno
493 2490 632 2518 secreto
650 2481 808 2518 domin)
829 2481 985 2527 Thome,
1008 2480 1254 2530 procuratori
1276 2488 1368 2517 tunc
1388 2480 1485 2517 dicte
1506 2480 1651 2528 regine,
1676 2480 1743 2529 qui
1764 2479 1829 2517 lzec
1850 2479 1974 2516 eidem

273 2540 405 2588 regine
421 2549 509 2578 ante
528 2541 749 2589 ingressum
766 2540 961 2578 conclavis
976 2554 1045 2589 per
1060 2554 1155 2577 suas
1171 2540 1304 2577 literas
1320 2539 1493 2588 scripsit,
1513 2547 1554 2577 ut
1571 2539 1613 2576 in
1628 2538 1714 2587 ejus
1731 2538 1973 2588 depositione

275 2599 313 2635 in
344 2599 506 2648 publica.
533 2600 661 2648 forma
690 2600 816 2637 videre
845 2599 1033 2649 poteritis.
1065 2598 1162 2636 Ecce
1190 2613 1278 2646 ergo
1308 2598 1516 2635 inclinatio
1545 2598 1796 2635 dominorum
1821 2597 1902 2646 fuit
1930 2597 1973 2634 in

273 2658 479 2695 dominum
502 2667 677 2696 nostrum
698 2667 786 2696 ante
809 2645 1032 2707 ingressum
1054 2657 1260 2695 conclavis.
1287 2657 1341 2694 Et
1358 2658 1482 2707 paulo
1503 2665 1597 2706 post
1619 2657 1677 2694 ait
1697 2673 1703 2694 :
1727 2656 1830 2694 Cum
1846 2657 1972 2694 cardi-

275 2717 378 2753 nalis
399 2718 442 2753 de
463 2718 662 2766 :lgrijolio
682 2727 717 2759 et
734 2718 983 2755 Pictavensis
1002 2725 1089 2766 post
1110 2717 1331 2765 ingressum
1352 2716 1547 2753 conclavis
1569 2716 1869 2766 inquisivissent
1888 2724 1973 2753 vota

274 2776 425 2813 domini
451 2776 586 2814 Sancti
610 2777 719 2814 Petri
743 2786 776 2815 et
799 2777 952 2814 domini
976 2775 1307 2823 ssffedidanensis,
1332 2784 1367 2813 et
1391 2775 1481 2824 ipsa
1504 2775 1757 2824 reperiissent
1779 2775 1974 2824 disposita

276 2835 314 2871 in
338 2835 535 2883 prefatum
557 2836 899 2885 archiepiscopum
920 2844 1012 2873 tunc
1033 2835 1260 2881 Barensem‚
1285 2843 1318 2871 et
1336 2835 1441 2883 facta
1464 2834 1563 2872 inter
1583 2849 1622 2871 se
1645 2834 1752 2883 ipsos
1773 2842 1972 2883 computa-

273 2893 376 2930 tione
397 2895 497 2943 quod
517 2903 568 2932 tot
588 2903 672 2932 vota
693 2895 975 2932 concurrebant
996 2895 1038 2931 in
1058 2894 1206 2931 dictum
1227 2894 1432 2930 dominum
1453 2893 1668 2930 Barensem
1688 2893 1790 2943 quod
1807 2892 1972 2942 sufficie-

278 2952 367 2989 bant
394 2954 444 2989 ad
470 2954 701 2991 canonicam
728 2954 963 3001 electionem,
991 2963 1025 2991 et
1051 2953 1214 2990 dixisset
1241 2953 1341 2989 idem
1368 2952 1554 2990 dominus
1581 2952 1625 2989 de
1652 2952 1852 3000 Agrifolio
1879 2951 1973 2989 aliis

274 3012 446 3048 dominis
470 3011 535 3049 hec
559 3012 671 3050 verba
698 3026 711 3049 .·
736 3013 913 3060 Domini,
938 3013 1144 3050 sedeamus
1167 3011 1313 3058 statim,
1339 3012 1433 3061 quia
1456 3026 1527 3060 pro
1552 3020 1648 3048 certo
1673 3012 1781 3048 credo
1805 3010 1907 3060 quod
1931 3010 1973 3047 in

322 3133 353 3164 1.
385 3133 450 3166 Ms.
476 3134 558 3174 cite,
583 3134 643 3168 fol.
669 3136 688 3168 6
709 3140 750 3167 r0.
