2083 3458
290 238 375 280 308
943 252 1095 277 NOTAE
1129 251 1190 276 AD
1225 252 1352 276 VITAS
1875 236 1999 292 [805]

382 337 504 378 ,201
525 337 592 386 lig
621 336 928 375 12.51nREx1T
960 348 1142 381 QUIDAM.
1173 334 1208 372 Is
1233 334 1340 372 infra
1368 335 1412 385 [t.
1433 335 1477 385 1],
1500 349 1537 385 p.
1562 335 1651 382 225,
1674 342 1849 373 vocatur
1871 334 2001 388 Armi-

292 338 481 443 ledper,i11
505 396 655 446 pagina
680 410 776 433 xero
801 394 889 442 235,
914 393 1180 432 Arculeder1.

344 457 387 494 P
410 455 498 501 201,
518 455 585 504 lig.
608 455 668 494 24.
694 455 879 501 PETRUS,
902 468 987 491 REX
1009 453 1274 491 ARAGONUM.
1297 453 1408 491 Dans
1429 454 1464 492 le
1486 454 1724 492 consistoire
1745 453 1800 491 du
1822 453 1870 492 19
1891 461 2000 493 octo-

290 516 358 553 bre
382 514 495 561 1338,
517 522 616 552 tenu
638 514 738 551 dans
759 513 899 551 l’Aula
916 527 1016 550 nova
1036 512 1194 562 palatii,
1208 512 1358 551 Benoit
1380 513 1465 550 XII
1480 521 1595 559 reeut
1614 513 1670 551 les
1686 513 2000 552 ambassadeurs

288 576 343 612 du
382 573 441 611 roi
474 572 915 622 (Albanes-Chevalier,
955 571 1087 609 Gallia
1118 571 1337 610 christiana
1367 572 1598 620 novissima,
1629 580 1659 611 t.
1693 587 1761 620 vn,
1793 587 1832 611 n.
1866 572 1998 623 1222).

290 634 419 672 Pedro
440 632 494 669 IV
510 634 628 682 preta
644 633 861 682 hommage
878 646 981 682 pour
996 631 1035 669 13
1053 630 1276 681 Sardaigne
1293 639 1334 669 et
1348 631 1387 669 13
1404 632 1524 670 Corse
1539 632 1576 670 le
1594 631 1642 669 15
1658 632 1882 670 novembre
1900 632 2002 671 1339

291 692 440 742 (Vidal,
457 691 602 739 Closes,
616 706 653 730 n.
672 691 803 741 2605).
824 692 877 730 Le
898 705 1004 741 pape
1019 690 1182 728 l’invita
1198 690 1307 728 deux
1328 690 1403 729 fois
1427 693 1448 728 3
1470 705 1513 729 53
1534 691 1646 729 table
1662 690 1765 729 ainsi
1788 705 1865 741 que
1886 691 1921 730 le
1942 692 2002 731 roi

290 753 337 790 (le
361 750 574 800 Majorque
596 759 709 789 entre
731 751 766 789 le
790 751 839 788 14
860 758 901 789 et
920 750 957 788 le
979 750 1027 787 21
1050 749 1273 788 novembre
1298 750 1494 799 (Schefer,
1518 750 1711 788 Benedilct
1729 750 1838 798 XII,
1856 765 1895 801 p.
1919 750 1997 801 92).

291 812 363 849 Les
387 817 571 860 comptes
595 810 874 860 apostoliques
900 817 972 847 ont
996 809 1119 859 garde
1141 809 1180 847 la
1203 809 1390 847 mention
1413 809 1462 848 de
1484 809 1701 848 l’incendie
1717 813 1913 860 rapporte
1933 810 1994 848 ici.

285 870 361 908 Die
383 869 466 907 XV
488 870 636 907 mensis
668 869 833 919 predicti
869 869 1108 919 [novembre
1142 868 1268 919 1339]
1296 869 1340 906 de
1372 870 1557 907 mandato
1589 868 1742 907 domini
1776 870 1995 916 camerarii,

288 928 555 976 massoneriis,
590 928 899 979 manuperariis,
932 928 1190 978 portitoribus
1221 943 1332 978 aque,
1363 928 1556 978 fusteriis,
1581 928 1812 978 fragelariis
1842 937 1876 966 et
1906 928 1997 966 aliis

286 988 465 1039 personis
493 988 775 1038 infrascriptis,
804 987 871 1038 qui
895 988 1058 1038 suerunt
1082 996 1116 1025 et
1141 987 1417 1026 laboraverunt
1442 988 1494 1025 ad
1518 988 1828 1037 ecctinguendum
1855 988 1996 1037 ignem,

285 1048 353 1099 qui
368 1048 447 1098 fuit
481 1049 524 1086 in
550 1056 656 1085 nocte
680 1048 857 1098 prozime
882 1047 1067 1098 preterita
1093 1047 1136 1084 in
1161 1047 1311 1097 palatio
1337 1047 1490 1085 domini
1517 1047 1639 1085 nostri
1664 1062 1781 1098 pape,
1808 1045 1997 1098 portando

286 1123 430 1158 aquam
467 1122 586 1158 super
630 1107 843 1157 edifficium
877 1115 911 1144 et
944 1106 1099 1156 lapides
1133 1115 1166 1144 et
1211 1106 1438 1144 morterium
1472 1107 1524 1144 ad
1560 1106 1823 1144 claudendum
1849 1106 1997 1156 januas

288 1168 418 1217 ipsius
435 1167 580 1220 palatii
604 1176 638 1205 et
661 1167 772 1216 defen
787 1166 890 1217 [den]
909 1167 955 1204 do
978 1166 1177 1216 palatium
1200 1180 1289 1204 cum
1311 1181 1416 1216 aqua
1438 1175 1472 1204 et
1494 1166 1589 1203 aliis
1612 1166 1734 1214 rebus*
1752 1165 1994 1213 necessariis,

286 1236 401 1277 prout
426 1228 602 1279 sequitur
641 1227 688 1276 (I.
728 1234 769 1264 et
807 1226 852 1265 E.
880 1226 967 1273 178,
1001 1226 1069 1265 fol.
1110 1225 1186 1263 126
1232 1234 1295 1273 νῡ;
1333 1226 1468 1273 Ehrle,
1511 1225 1696 1263 Historia
1733 1225 1994 1273 bibliothecae,

284 1302 322 1337 p.
350 1287 454 1338 612).

339 1346 381 1385 Ρ.
409 1347 497 1395 202,
523 1347 588 1395 lig.
617 1346 651 1384 2.
683 1346 839 1383 REGEM
874 1345 1148 1383 MARROCHIE.
1177 1344 1391 1394 Contigere
1424 1344 1503 1382 ista
1537 1359 1645 1382 anno
1672 1345 1922 1391 MCCCXLI,
1948 1353 1996 1382 ut

284 1414 402 1457 patet
424 1421 473 1445 ex
497 1405 671 1445 Odorico
696 1404 928 1455 Raynaldo,
952 1418 1016 1444 an.
1043 1404 1157 1452 1341,
1187 1404 1204 1453 ἓ
1228 1404 1262 1452 1,
1287 1412 1328 1442 et
1350 1418 1399 1442 ex
1423 1404 1629 1443 veteribus
1651 1404 1847 1441 Historiis
1866 1403 1996 1441 Pisto—

284 1465 478 1503 riensium
517 1464 745 1516 [Muratori,
773 1472 802 1503 t.
834 1479 890 1512 xl,
920 1464 993 1504 col.
1023 1463 1138 1514 478]ο
1168 1463 1270 1501 Vide
1299 1463 1426 1502 etiam
1453 1463 1679 1501 Martinum
1708 1463 1928 1501 Ximenam
1953 1462 1995 1500 in

284 1524 472 1574 Catalogo
499 1525 775 1575 episcoporum
808 1523 1110 1571 Giennensium,
1140 1538 1178 1574 p.
1210 1523 1286 1562 333
1315 1531 1356 1561 et
1384 1537 1442 1573 sq.

338 1585 380 1622 P.
399 1584 487 1633 202,
501 1585 567 1634 lig.
587 1584 646 1622 15.
664 1584 777 1621 TRES
801 1597 1038 1621 EchEsrAs.
1060 1583 1150 1633 Ipse
1172 1590 1314 1620 tamen
1333 1582 1375 1619 in
1396 1597 1468 1620 suo
1490 1590 1743 1620 testamento
1765 1596 1834 1620 sex
1854 1595 1995 1629 nume-

284 1658 371 1682 rare
393 1644 568 1682 videtur.
594 1643 657 1681 Sic
679 1643 787 1681 enim
806 1642 888 1680 illic
909 1642 1109 1692 scriptum
1130 1650 1192 1680 est
1215 1657 1222 1679 :
1249 1642 1346 1679 Item
1367 1656 1455 1679 cum
1476 1642 1520 1679 de
1544 1641 1655 1679 bonis
1675 1641 1762 1679 suis
1783 1641 1944 1679 voluerit
1964 1649 1996 1678 et

283 1703 523 1741 ordinaverit
548 1702 740 1752 fabricari
769 1702 939 1752 quinque
967 1701 1147 1739 ecclesias
1174 1716 1243 1738 seu
1271 1701 1409 1751 perfici
1440 1700 1654 1749 inchoatas,
1684 1700 1857 1739 videlicet
1883 1701 1996 1738 eccle-

283 1762 387 1799 siam
414 1763 583 1811 fratrum
613 1762 911 1799 Predicatorum
940 1761 1244 1811 Bajonensium,
1277 1761 1367 1798 item
1396 1760 1598 1798 ecclesiam
1624 1760 1793 1810 fratrum.
1822 1759 1996 1809 ejusdem

285 1821 437 1859 ordinis
470 1822 512 1859 in
543 1821 731 1869 Orthesio,
766 1821 855 1858 item
885 1821 1087 1858 ecclesiam
1115 1820 1285 1870 fratrum
1316 1820 1490 1869 ejusdem
1521 1819 1674 1857 ordinis
1706 1820 1748 1857 in
1778 1819 1994 1866 M‘orlanis,

286 1881 375 1918 item
407 1881 607 1919 ecclesiam
638 1881 807 1929 fratrum
840 1879 1014 1930 ejusdem
1047 1880 1200 1917 ordinis
1234 1879 1277 1917 in
1312 1879 1454 1917 Sancto
1488 1879 1638 1927 Severo,
1675 1879 1763 1916 item
1795 1878 1996 1916 ecclesiam

283 1954 459 1977 sororum
478 1940 705 1978 monasterii
722 1939 864 1977 Pontis
881 1939 1022 1977 Viridis
1038 1953 1160 1989 prope
1177 1939 1442 1977 Condomium
1459 1938 1612 1976 ordinis
1628 1938 1754 1976 sancti
1772 1937 1995 1987 Augustini

283 1999 357 2036 sub
376 2014 471 2037 cura
490 2008 523 2037 et
541 2000 677 2049 regula
700 1998 891 2036 dictorum
909 1998 1079 2048 fratrum
1098 1998 1396 2036 Predicatorum
1416 1997 1644 2045 viventium,
1667 2006 1700 2035 et
1718 1997 1770 2035 ad
1787 1997 1856 2035 hoc
1875 1997 1994 2047 depu-

284 2059 419 2096 taverit
440 2067 473 2096 et
491 2058 576 2108 jam
598 2058 801 2096 tradiderit
822 2066 943 2096 certas
964 2058 1130 2108 pecunie
1152 2058 1401 2108 quantitates,
1425 2057 1546 2095 voluit
1566 2065 1600 2094 et
1620 2056 1818 2100 ordinavit
1839 2056 1941 2106 quod
1959 2055 1995 2094 si

284 2117 380 2154 dicte
403 2118 556 2155 ecclesie
587 2126 852 2156 consummate
883 2132 928 2155 ex
959 2125 1032 2155 toto
1065 2132 1144 2154 non
1164 2117 1327 2166 fuerint,
1351 2125 1520 2167 tempore
1551 2116 1686 2154 mortis
1707 2129 1777 2153 sue
1804 2115 1995 2163 videlicet,

284 2177 385 2225 quod
409 2178 460 2214 ad
484 2192 584 2227 opus
609 2177 807 2227 parietum
832 2185 865 2214 et
890 2185 1074 2214 tectorum
1099 2192 1184 2215 ac...
1214 2177 1342 2226 quoad
1365 2176 1594 2226 pavimenta
1618 2184 1651 2213 et
1676 2175 1817 2213 vitreas
1842 2190 1888 2212 ac
1912 2174 1992 2225 pic·

284 2244 392 2273 turus
419 2237 659 2274 necessarias
684 2236 945 2286 perficiantur
962 2236 1006 2273 de
1034 2236 1146 2273 bonis
1166 2236 1253 2273 suis
1278 2250 1348 2285 que
1366 2243 1565 2283 restarent,
1581 2235 1720 2283 legatis
1740 2234 1925 2272 omnibus
1952 2248 1995 2271 in

280 2309 352 2331 suo
375 2304 598 2333 testamento
621 2304 654 2333 et
676 2296 852 2333 codicillo
873 2310 943 2333 seu
965 2295 1157 2333 codicillis
1179 2294 1368 2333 contentis
1390 2294 1579 2344 primitus
1603 2294 1748 2343 integre
1769 2293 1991 2344 persolutis.

336 2439 363 2470 1.
387 2438 433 2471 M.
457 2438 606 2482 Stengcl
627 2450 647 2471 a
668 2438 794 2482 publie
814 2451 886 2471 unc
906 2438 1016 2471 lettre
1039 2439 1087 2471 du
1110 2439 1152 2471 23
1174 2438 1387 2480 septembre
1412 2439 1502 2471 1336
1523 2437 1585 2481 qui
1606 2449 1699 2470 nous
1719 2437 1911 2480 renseigne
1931 2448 1994 2469 sur

284 2492 334 2524 los
361 2492 526 2524 troubles
557 2492 814 2535 d’Allemagne
842 2505 848 2525 z
880 2492 972 2525 Item
996 2492 1121 2525 sciatis
1146 2503 1212 2535 pro
1246 2492 1359 2530 novis,
1388 2492 1482 2534 quod
1513 2492 1641 2524 rustici
1679 2491 1717 2524 in
1744 2489 1994 2534 [Franyfonia

285 2549 314 2576 et
348 2546 443 2577 circa
466 2543 789 2588 BischovesUieim]
810 2545 970 2588 fecerunt
994 2557 1109 2578 unum
1130 2556 1248 2587 regem
1270 2545 1416 2577 nomine
1437 2544 1635 2584 Armleder,
1660 2545 1722 2587 qui
1754 2555 1836 2576 cum
1860 2555 1995 2586 magna

283 2599 442 2640 potentia
463 2596 712 2642 rusti[corum]
728 2617 776 2621 ——
794 2598 950 2642 pedibus
964 2598 1164 2639 [modicum
1182 2596 1315 2641 tamen]
1339 2598 1471 2630 modici
1489 2598 1589 2640 equis
1602 2616 1651 2619 —
1665 2598 1801 2630 vadunt
1816 2597 1863 2630 ad
1881 2597 1993 2639 opida

285 2656 314 2682 c!
332 2652 490 2683 civitates
509 2657 539 2684 et
556 2652 806 2694 interfecerunt
824 2663 946 2685 omnes
965 2652 992 2683 J
997 2652 1113 2684 udeos,
1134 2651 1262 2684 Primo
1280 2648 1560 2694 interse[cerunt]
1578 2662 1701 2683 omnes
1721 2651 1760 2683 in
1777 2649 1816 2682 K
1822 2642 1990 2692 uzingen,

286 2704 321 2735 in
356 2704 549 2747 Ossensort,
581 2705 619 2737 in
651 2705 742 2745 Owe,
778 2705 817 2738 in
848 2702 1146 2748 Mergenth[eim]
1170 2709 1201 2737 et
1222 2704 1339 2737 adhuc
1372 2704 1456 2736 bene
1489 2704 1527 2736 in
1549 2703 1645 2736 IIII
1673 2704 1807 2747 opidis,
1840 2714 1993 2746 quorum

286 2758 435 2789 uomina
451 2758 578 2790 nescio
602 2759 648 2790 Et
663 2759 771 2791 etiam
789 2758 938 2800 suerunt
957 2763 1039 2790 ante
1057 2758 1237 2791 civitatem
1260 2755 1540 2800 Herb[ipolim],
1557 2757 1619 2789 sed
1634 2756 1750 2790 nichil
1767 2757 1995 2800 profecerunt

285 2810 426 2842 ibidem.
465 2811 555 2843 Item
586 2811 733 2853 suerunt
774 2811 857 2844 bene
886 2811 1002 2844 tribus
1031 2811 1171 2844 vicibus
1199 2815 1281 2843 ante
1311 2808 1688 2853 B[isclzo]ves[heim];
1734 2810 1829 2853 quod
1873 2809 1990 2842 nichil

284 2868 476 2903 potuerunt
507 2864 640 2896 ibidem
671 2864 795 2906 jacere,
827 2869 1073 2907 precesserunt
1103 2864 1254 2902 domini,
1286 2865 1349 2906 qui
1377 2874 1517 2906 semper
1547 2863 1696 2906 suerunt
1724 2863 1925 2906 premuniti
1946 2862 1995 2895 ad

288 2915 489 2948 bellandum
506 2928 584 2949 cum
602 2918 662 2949 eis.
684 2917 772 2950 Item
791 2915 996 2961 in[tersecti]
1012 2916 1125 2950 Judei
1140 2922 1225 2949 sunt
1239 2917 1332 2950 circa
1350 2928 1541 2949 numerum
1552 2916 1629 2949 XV
1640 2921 1792 2956 centum,
1809 2921 1845 2948 ut
1860 2916 1995 2949 dicitur

285 2980 348 3009 pra
372 2974 470 3001 certo.
491 2970 537 3001 E!
563 2970 679 3002 adhuc
697 2971 812 3003 (lictus
829 2982 890 3003 reas
906 2970 1095 3003 Armleder
1112 2970 1256 3003 timetur
1273 2981 1295 3002 a
1313 2970 1457 3003 domino
1476 2968 1732 3014 Trever[ensi]‚
1752 2968 1945 3002 comitibus
1964 2974 1996 3001 el

291 3020 509 3064 ΙιιωΙιίίιῘῙΙιυᾼΙ
537 3034 577 3053 ac
604 3023 814 3056 civitatibus
838 3035 979 3056 necnon
1001 3023 1144 3062 «Iudeis,
1175 3024 1237 3066 qui
1268 3023 1410 3056 cottidie
1439 3015 1665 3066 premunimt
1694 3034 1731 3055 se
1760 3034 1825 3066 pre
1857 3022 1936 3065 ipso
1961 3026 1993 3054 et

286 3075 437 3105 aser-ritu
459 3086 523 3106 sno
547 3075 706 3108 timentis
732 3077 854 3119 ipsum
874 3088 957 3109 cum
975 3077 1130 3109 excercitu
1147 3087 1213 3109 suo
1232 3076 1351 3109 venire
1369 3087 1483 3119 supra
1501 3076 1655 3109 Renune
1673 3076 1767 3118 quod
1793 3076 1909 3108 dictus
1930 3086 1993 3107 rea:

286 3126 437 3158 intrudi!
457 3127 581 3168 scu-ere,
603 3130 636 3161 si
656 3141 725 3161 non
746 3135 911 3162 caveatur
935 3129 1053 3172 (Nova
1071 3129 1326 3169 Alemanniae,
1351 3135 1375 3162 1.
1397 3141 1420 3168 1,
1444 3141 1477 3172 p.
1502 3129 1597 3170 238).
