2083 3458
44 217 168 272 [581]
576 233 793 259 PAPARUM
828 232 1212 260 AVENIONENSIUM
1688 222 1738 261 41

32 325 79 354 ut
103 316 245 355 scribit
271 315 585 364 Claramontius,
611 332 650 367 p.
677 317 766 364 454,
792 318 996 356 Historiae
1020 317 1269 365 Caesenati33
1305 333 1388 356 non
1413 334 1509 357 vero
1535 334 1554 357 e
1582 319 1737 358 Monte-

33 376 197 423 Feltrio,
225 383 272 413 ut
296 375 338 413 in
365 375 576 413 Memoriis
604 376 956 425 Traguriensibus,
982 392 1021 428 p.
1049 377 1138 424 478,
1165 377 1341 415 tradidit
1367 378 1546 416 Joannes
1573 379 1733 418 Lucius.

35 436 81 473 In
111 443 225 473 tomo
258 434 380 473 tertio
412 435 657 473 Libertatum
688 436 886 474 Ecclesiae
916 436 1179 485 Anglioanae,
1211 451 1250 487 p.
1286 436 1400 483 1155,
1433 437 1583 475 dicitur
1614 438 1736 477 fuisse

33 494 190 532 natione
212 494 419 531 Illarcliiae
439 494 754 533 Anclzonitanae.
774 495 828 532 Et
849 496 1032 533 Clemens
1048 496 1083 532 V
1103 510 1211 534 anno
1232 495 1364 546 primo
1386 495 1448 534 sui
1468 496 1737 546 pontificatus

32 568 74 591 111
106 567 200 591 non.
237 553 299 603 [3]
338 553 572 591 novembris
613 553 818 592 commisit
854 569 993 592 curam
1033 563 1074 592 et
1110 554 1512 593 administrationem
1549 556 1737 594 ecclesiae

36 612 72 651 S.
96 612 290 650 Praxedis
313 612 361 650 de
384 612 492 650 Urbe
526 613 641 662 [Bal.,
663 621 693 650 t.
715 627 770 660 111,
793 628 832 663 p.
857 613 970 664 124]
994 614 1112 652 Anno
1144 628 1240 652 vero
1263 614 1483 652 MCCCVII
1508 629 1601 652 eum
1628 615 1739 653 misit

32 671 213 721 legatum
235 671 278 710 in
302 671 570 721 Hungariam.
595 673 778 723 Cumque
800 672 894 711 illuc
909 673 1170 723 proficiscens
1193 673 1423 711 transiisset
1438 688 1508 724 per
1524 673 1736 712 civitatem

31 730 345 777 Bononiensem,
365 744 388 768 3
406 739 553 769 senatu
570 732 806 781 populoque
823 732 1071 770 Bononiensi
1088 732 1257 770 summis
1276 732 1497 771 honoribus
1520 741 1738 783 exceptum

32 804 116 828 esse
145 789 207 828 die
238 805 294 827 xv
323 789 548 828 decembris
576 790 753 828 adnotat
782 791 1036 829 Cherubinus
1066 791 1392 839 Ghirardaccius,
1424 792 1493 830 lib.
1525 792 1602 829 XV
1630 793 1735 831 Hist.

32 849 251 899 Bonon.,p.
270 848 357 887 508.
376 849 483 887 Η1110
505 850 726 887 Caesenam
748 850 919 888 advenit
941 850 1004 888 die
1027 858 1175 900 quarta
1196 851 1404 900 sequentis
1426 851 1574 889 mensis
1594 851 1738 901 janua-

31 907 98 954 rii;
117 907 249 958 Scipio
268 908 581 956 Claramontius,
598 909 667 946 lib.
691 909 730 946 II
748 909 952 947 Historiae
969 909 1177 957 Caesenae,
1190 925 1230 960 p.
1250 910 1338 948 454.
1356 910 1580 949 Advenisse
1598 919 1738 949 autem

30 966 72 1005 in
90 967 345 1016 Hungariam
362 975 457 1005 ante
475 982 656 1006 mensem
671 967 835 1017 junium
852 968 1036 1018 ejusdem
1053 969 1150 1007 311111
1167 970 1317 1007 docent
1333 970 1500 1023 eaedem
1518 970 1738 1008 Memoriae

34 1026 332 1075 Tragurienses,
349 1042 388 1076 p.
406 1026 496 1074 479,
513 1041 563 1065 ex
578 1027 726 1077 quibus
743 1027 869 1065 etiam
884 1028 1015 1077 liquet
1029 1028 1145 1065 illum
1161 1028 1357 1066 mansisse
1373 1043 1501 1078 usque
1517 1029 1569 1067 ad
1582 1043 1736 1068 annum

32 1085 211 1123 MCCCX
226 1085 268 1123 in
284 1100 330 1123 ea
346 1086 521 1135 regione.
541 1086 600 1124 Eo
617 1086 725 1124 enim
741 1101 849 1124 anno
868 1086 989 1125 fuisse
1008 1087 1172 1126 Posonii
1188 1088 1337 1126 docent
1353 1087 1479 1126 etiam
1496 1089 1594 1126 haec
1611 1089 1736 1127 verba

31 1159 81 1183 ex
101 1144 205 1182 libro
230 1145 409 1182 censuali
431 1145 601 1183 Arnaldi
624 1146 846 1184 Camerarii
864 1140 890 1184 s:
915 1147 1127 1184 processus
1139 1147 1268 1196 factus
1290 1162 1359 1197 per
1379 1147 1586 1185 dominum
1605 1148 1736 1186 Genti—

32 1204 105 1241 lem
130 1204 390 1254 presbiterum
417 1205 659 1242 cardinalem
679 1213 713 1242 et
732 1205 846 1243 Sedis
867 1206 1077 1255 apostolice
1097 1206 1268 1255 legatum
1290 1207 1332 1244 in
1355 1207 1538 1256 partibus
1561 1207 1737 1256 Ungarie

21 1271 162 1309 ‚contra
184 1263 418 1312 magistrum
439 1264 648 1301 Matheum
669 1265 917 1311 Palatinum,
932 1265 998 1314 qui
1021 1266 1213 1302 recusavit
1233 1266 1431 1303 restituere
1451 1266 1533 1315 regi
1560 1266 1737 1315 Ungarie

32 1323 195 1372 quedam
227 1322 327 1360 bona
355 1337 425 1372 que
447 1323 613 1361 habebat
640 1338 664 1361 a
693 1324 792 1361 [licto
821 1338 907 1373 rege
927 1339 972 1361 ac
1002 1324 1226 1373 fidelitatem
1246 1325 1371 1374 facere
1391 1333 1455 1364 etc.
1480 1326 1736 1375 pontificatus

32 1381 183 1419 domini
222 1381 433 1419 Clementis
462 1397 565 1432 pape
604 1383 733 1433 quinti
772 1398 878 1420 anno
907 1391 1022 1422 sexto.
1057 1384 1111 1421 Et
1141 1392 1281 1422 tamen
1313 1385 1492 1422 Joannes
1523 1384 1735 1433 Villanius,

31 1440 99 1479 lib.
132 1441 205 1488 IX,
238 1455 325 1491 cap.
365 1456 438 1478 xxl
479 1441 707 1491 [Muratori,
747 1450 776 1480 t.
815 1457 901 1489 xm,
941 1443 1014 1480 col.
1057 1442 1148 1492 454]
1191 1443 1333 1481 scribit
1376 1443 1490 1481 illum
1532 1443 1733 1493 dignitate

31 1499 154 1549 legati
185 1508 376 1538 ornatum
398 1515 506 1539 anno
535 1501 752 1549 MCCCXI,
781 1516 827 1540 ac
858 1502 988 1539 multo
1029 1510 1213 1552 tempore
1251 1511 1552 1541 commoratum
1581 1518 1665 1541 esse
1692 1502 1733 1540 in

34 1558 256 1609 Hungaria.
298 1559 403 1598 Hinc
440 1574 533 1609 ergo
570 1560 612 1598 in
648 1561 812 1598 Italiam
852 1561 994 1608 redux,
1038 1561 1081 1599 in
1120 1562 1327 1600 mandatis
1363 1562 1523 1612 accepit
1563 1577 1584 1600 a
1624 1577 1732 1613 papa

33 1618 237 1656 Clemente
270 1619 331 1656 uti
359 1619 599 1657 thesaurum
632 1620 966 1663 ecclesiasticum,
999 1621 1068 1671 qui
1103 1621 1258 1659 Romae
1291 1629 1332 1659 et
1364 1621 1405 1659 in
1434 1622 1659 1672 Campania
1691 1630 1732 1660 et

31 1692 81 1715 ex
111 1677 359 1728 patrimonio
393 1678 595 1717 Ecclesiae
623 1679 878 1729 conquisitus
908 1688 1009 1727 erat,
1036 1680 1291 1718 Avenionem
1321 1681 1533 1719 transferri
1554 1689 1729 1719 curaret.

32 1736 108 1774 Sed
153 1737 322 1775 turbato
366 1745 456 1775 tum
499 1746 612 1776 statu
662 1738 970 1788 provinciarum
1012 1754 1082 1789 per
1124 1739 1323 1778 factiones
1367 1740 1649 1791 Guelphorum
1690 1749 1731 1778 et

31 1795 338 1843 Gibellinorum,
370 1797 502 1835 Lucae
534 1805 698 1836 coactus
736 1806 798 1836 est
839 1798 1079 1845 subsistere3
1121 1798 1283 1848 illicque
1326 1800 1579 1847 thesaurum,
1611 1808 1659 1837 ut
1688 1799 1730 1837 in

30 1855 172 1893 eodem
193 1855 310 1902 libro,
330 1870 418 1906 cap.
436 1871 510 1893 xxi
530 1864 572 1894 et
597 1871 664 1894 Lix
696 1856 923 1907 [Muratori‚
945 1865 974 1895 t.
997 1872 1082 1904 xiii,
1103 1858 1176 1896 col.
1198 1858 1288 1905 454,
1309 1859 1383 1896 471
1404 1867 1446 1897 et
1464 1859 1566 1909 472]
1587 1858 1729 1897 scribit

28 1913 137 1952 idem
167 1914 379 1961 Villanius,
411 1915 576 1965 reliquit
617 1915 658 1953 in
687 1916 863 1954 sacrario
900 1917 1040 1955 Sancti
1076 1917 1270 1956 Fridiani.
1308 1918 1371 1955 Ex
1407 1932 1487 1968 quo
1523 1918 1730 1957 manifesti

30 1973 172 2011 erroris
205 1974 461 2012 convincitur
492 1974 658 2025 scriptio
691 1975 881 2025 Cypriani
916 1976 1132 2023 Manentis,
1162 1976 1231 2026 qui
1258 1977 1327 2015 lib.
1356 1977 1408 2023 II,
1439 1977 1549 2023 hist.⁷
1572 1993 1610 2027 p.
1639 1977 1726 2024 192,

31 2032 160 2070 tradit
186 2033 295 2071 hunc
323 2034 562 2072 thesaurum
590 2034 631 2072 in
659 2035 825 2073 ecclesia
855 2035 994 2073 Sancti
1021 2035 1201 2074 Fridiani
1234 2036 1460 2086 repositum
1488 2036 1609 2075 fuisse
1634 2045 1727 2087 post

32 2100 205 2130 mortem
231 2092 448 2131 Clementis
474 2093 620 2143 quinti.
649 2094 845 2142 Quamvis
869 2102 1009 2132 autem
1030 2094 1156 2133 nolim
1182 2109 1327 2145 negare
1355 2095 1455 2145 quin
1480 2111 1623 2134 verum
1645 2110 1727 2133 esse

31 2150 159 2200 possit
194 2151 234 2188 id
272 2152 381 2201 quod
417 2152 558 2190 scribit
596 2152 807 2200 Villanius,
845 2153 1050 2192 Gentilem
1085 2154 1193 2192 ultra
1229 2155 1383 2193 Lucam
1417 2170 1510 2193 cum
1534 2156 1726 2193 thesauro

31 2210 217 2260 progredi
242 2225 323 2249 non
356 2211 537 2261 potuisse
573 2212 623 2249 ob
658 2220 795 2250 motus
829 2220 869 2250 et
903 2213 1007 2251 bella
1032 2213 1313 2264 Guelphorum
1345 2222 1386 2251 et
1418 2214 1726 2261 Gibellinorum,

31 2277 132 2318 puto
169 2277 310 2307 tamen
343 2269 466 2308 aliam
503 2285 665 2320 quoque
708 2285 874 2309 causam
908 2271 1030 2310 fuisse
1072 2272 1321 2311 subsistendi
1355 2274 1501 2320 Lucae,
1536 2273 1729 2310 nimirum

31 2329 219 2366 morbum
253 2329 438 2376 Gentilis,
471 2329 540 2379 qui
569 2344 661 2368 cum
695 2330 738 2368 in
770 2345 816 2368 03
857 2331 957 2369 urbe
991 2331 1198 2370 extinctus
1232 2340 1306 2378 est,
1342 2340 1388 2369 ut
1414 2332 1563 2370 docent
1588 2332 1728 2369 literae

32 2387 201 2425 Joannis
230 2387 372 2435 XXII,
394 2388 436 2426 in
463 2389 599 2427 codice
617 2388 695 2427 829
716 2389 988 2429 bibliothecae
1010 2390 1267 2429 Colbertinae
1283 2391 1398 2441 [Bal.,
1418 2399 1447 2429 t.
1470 2405 1527 2438 111,
1548 2406 1586 2440 p.
1611 2390 1726 2440 251]

32 2445 162 2493 Quare
198 2447 462 2485 vehementer
499 2447 700 2486 falluntur
734 2448 804 2498 qui
836 2451 989 2498 putant
1022 2449 1137 2487 illum
1173 2450 1319 2487 obiisse
1355 2449 1570 2488 Avenioni.
1612 2449 1728 2487 Obiit

31 2508 169 2543 autem
191 2520 298 2544 anno
322 2506 562 2553 MCCCXII,
587 2507 650 2545 die
669 2522 787 2545 xxvn
806 2508 998 2555 octobris,
1020 2508 1082 2546 uti
1101 2517 1209 2547 recte
1232 2523 1281 2547 ex
1303 2508 1406 2546 libro
1428 2508 1728 2557 Obligationiim

33 2563 171 2602 docuit
192 2565 445 2603 Contelorius
469 2565 523 2616 [p.
539 2565 593 2615 8].
613 2567 766 2616 Corpus
782 2566 868 2616 ejus
891 2568 1098 2617 sepultum
1120 2575 1181 2605 est
1198 2567 1239 2605 in
1254 2567 1502 2605 monasterio
1523 2567 1727 2605 Minorum

33 2623 321 2671 Assisinatum,
341 2624 383 2662 in
412 2625 557 2663 sacello
585 2640 731 2676 nempe
753 2634 990 2664 sanctorum
1014 2626 1212 2664 Ludovici
1241 2634 1282 2664 et
1302 2625 1481 2674 Martini,
1504 2626 1612 2676 quod
1642 2626 1726 2676 ipse

37 2682 215 2720 construi
236 2682 399 2721 fecerat.

85 2740 207 2779 Miror
222 2755 342 2791 porro
358 2742 493 2780 virum
509 2741 746 2792 diligentem
762 2751 804 2781 et
825 2743 1035 2781 eruditum
1053 2744 1207 2782 Lucam
1223 2743 1499 2793 Waddingum
1520 2757 1603 2781 non
1618 2751 1727 2781 retu-

32 2797 123 2837 lisse
136 2799 179 2838 in
191 2800 370 2838 Annales
383 2815 475 2839 suos
489 2802 614 2839 verba
630 2801 778 2840 veteris
800 2802 996 2840 chronici²
1010 2817 1081 2840 ms.
1104 2802 1213 2852 quod
1228 2802 1312 2852 ipse
1326 2801 1472 2839 tribuit
1494 2802 1531 2839 b.
1553 2802 1727 2841 Odorico

35 2856 82 2895 de
99 2858 323 2908 Forojulio,
340 2859 384 2897 in
404 2874 484 2909 quo
505 2861 560 2898 sic
580 2861 728 2910 legitur
751 2877 757 2898 :
784 2861 1046 2911 Temporibus
1067 2861 1185 2898 etiam
1205 2860 1326 2910 hujus
1340 2875 1444 2910 pape
1464 2860 1675 2898 Clementis
1695 2869 1729 2898 et

80 2995 112 3028 1.
134 2995 200 3028 Ms.
221 2996 316 3028 latin
336 2995 442 3037 5181,
462 2997 487 3030 f.
509 2998 553 3030 90
573 3001 616 3031 10.
638 2998 767 3031 L‘acte
787 3010 808 3030 a
827 2999 886 3032 ete
904 2997 1078 3040 imprime
1099 2998 1191 3030 dans
1211 2997 1261 3030 les
1282 2997 1527 3030 Monumenta
1549 2997 1730 3031 Vaticana

30 3047 219 3082 historiam
229 3048 450 3092 Hungariae
462 3051 799 3091 illustrantia,serie
814 3051 842 3091 I,
854 3057 880 3084 t.
893 3063 931 3090 11,
944 3062 978 3094 p.
990 3051 1162 3084 384-391.
1180 3050 1208 3082 Il
1220 3056 1276 3083 est
1289 3051 1376 3084 date
1391 3051 1441 3083 du
1453 3051 1473 3084 6
1484 3050 1608 3094 juillet
1621 3052 1727 3085 1311.

82 3099 113 3134 2.
132 3101 172 3134 B.
194 3102 251 3142 N„
270 3114 337 3135 ms.
355 3103 450 3136 latin
467 3102 573 3144 5006,
592 3103 616 3137 f.
636 3105 704 3137 175
721 3108 765 3137 10.
