2083 3458
90 208 239 263 [1135]
606 224 822 250 PAPARUM
856 225 1240 250 AVENIONENSIUM
1686 212 1766 253 657

79 307 178 345 dixit
210 305 322 344 nobis
355 321 362 344 ε
402 306 593 353 leniatis,
627 307 777 344 domini
814 308 984 357 Yspani.
1017 308 1068 345 Et
1098 323 1185 345 cum
1216 309 1463 356 accessimus,
1497 310 1595 347 dim
1628 327 1635 348 τ
1669 311 1774 360 Quid

79 366 186 403 vobis
203 365 381 403 videtur?
396 365 445 402 Et
461 373 553 403 tunc
568 380 636 414 ego
653 367 808 404 credens
824 367 924 416 quod
939 366 1165 416 loquebatur
1180 368 1224 404 de
1240 382 1387 416 arenga
1402 377 1435 406 et
1451 369 1502 406 ad
1516 384 1601 407 eam
1618 385 1774 420 respon-

78 425 187 462 sione
207 423 291 461 disci
313 439 320 461 :
342 423 524 472 Longum
543 438 756 463 sermonem
776 425 989 463 habuimus
1008 440 1126 475 super
1145 426 1277 476 capita
1294 435 1437 466 nostra.
1454 427 1532 477 Qui
1547 429 1746 478 respondit
1767 446 1773 467 z

79 483 185 534 Quid
209 482 352 521 vultis?
381 483 440 520 Ita
474 484 621 521 vadunt
647 484 813 533 negotia.
842 485 892 522 Et
917 493 1008 522 tunc
1044 485 1303 534 reassumpsit
1328 486 1453 524 thema
1488 488 1716 536 predictum,
1742 497 1776 526 et

79 543 136 580 ait
161 559 168 580 ε
201 542 383 589 Gaudete,
411 542 583 590 gaudete,
608 543 675 580 sed
698 558 773 580 non
801 544 844 580 de
868 543 1008 581 alieno.
1036 544 1164 593 Quare
1188 544 1349 591 dicebat,
1374 546 1441 582 sed
1464 560 1542 583 non
1567 548 1610 583 de
1633 547 1774 594 alieno,

81 616 158 639 non
183 601 367 639 intellexi.
396 601 468 638 His
492 601 550 639 ita
576 602 787 648 enarratis,
813 602 920 640 idem
946 603 1118 640 Alvarus
1144 603 1199 641 sic
1224 604 1484 653 prosequitur
1508 605 1519 627 ¹
1548 621 1554 642 :
1582 606 1674 643 Post
1698 606 1774 654 hec,

80 675 168 698 cum
201 661 372 710 loquerer
406 674 494 711 cum
528 661 685 697 domino
721 661 863 699 decano
901 661 1170 709 Tirasonensi‚
1206 662 1381 700 auditore
1415 664 1517 701 sacri
1551 665 1707 714 palatii,
1742 674 1775 703 et

81 720 244 757 dicerem
274 719 353 756 sibi
387 718 456 756 illa
488 719 602 756 verba
634 720 784 757 domini
818 720 1144 767 AIediolanensis,
1178 721 1278 759 dixit
1310 722 1428 759 michi
1461 724 1561 772 quod
1591 724 1774 762 dominus

81 777 395 816 Mediolanensis
418 792 495 815 non
517 779 722 828 reputabat
742 793 829 816 eum
846 794 1006 829 papam.
1026 780 1076 817 Et
1093 780 1190 817 dimit
1207 781 1307 829 quod
1321 782 1441 830 paulo
1457 790 1542 830 post
1556 783 1774 821 electionem

86 837 240 876 Urbani
271 851 403 875 omnes
434 837 630 874 auditores
669 838 772 875 sacri
804 838 946 887 palatii
978 839 1236 876 ascendebant
1266 840 1318 876 ad
1356 840 1551 889 palatium
1591 857 1693 891 pape
1724 843 1775 880 ad

79 897 339 935 exhibendum
359 896 438 934 sibi
461 896 725 943 reverentiam,
749 905 789 934 ut
809 905 863 934 est
885 897 1017 943 moris,
1039 906 1073 935 et
1094 898 1194 947 quod
1214 898 1422 936 obviarunt
1443 900 1600 937 domino
1623 901 1774 938 Medio-

79 956 247 1002 lanensi,
276 955 343 1005 qui
370 955 471 993 stetit
497 963 531 993 et
557 955 613 993 ait
641 972 648 993 :
679 955 763 1005 Quo
790 956 962 994 vaditis?
980 956 1059 1006 Qui
1087 956 1268 994 dixerunt
1289 957 1368 994 sibi
1396 971 1408 994 .·
1430 959 1495 995 Ad
1516 959 1775 998 exhibendum

80 1014 332 1053 reverentiam
359 1029 476 1064 pape.
507 1014 584 1064 Qui
615 1015 714 1052 dimit
732 1014 789 1052 eis
814 1030 821 1052 ε
851 1015 927 1052 sos
957 1015 1099 1052 vaditis
1128 1016 1179 1053 ad
1206 1016 1509 1056 idolatrandum.
1532 1018 1654 1055 Modo
1684 1019 1776 1057 dicit

81 1074 181 1124 quod
209 1074 309 1112 dixit
333 1089 340 1111 :
367 1074 398 1111 Ο
426 1074 547 1120 Deus,
574 1074 786 1111 subvenias
816 1074 985 1111 Ecclesie
1015 1083 1088 1112 tue.
1127 1074 1177 1112 Et
1212 1082 1303 1112 tunc
1339 1076 1488 1113 videtur
1524 1077 1640 1114 michi
1675 1079 1775 1127 quod

81 1133 252 1171 intellexi
279 1133 347 1170 illa
366 1132 480 1170 verba
499 1147 569 1182 que
589 1132 902 1170 Mediolanensis
921 1133 1071 1171 dia‘erat
1093 1150 1099 1170 :
1125 1133 1306 1181 Gaudete,
1328 1136 1500 1182 gaudete,
1529 1136 1595 1173 sed
1623 1151 1700 1174 non
1730 1137 1773 1174 de

79 1192 219 1230 alieno.

134 1252 236 1289 Eam
257 1250 471 1289 historiam
493 1250 548 1288 sic
571 1250 762 1288 describit
793 1251 877 1301 ipse
903 1251 1078 1289 decanus
1102 1251 1377 1289 Tirasonensis
1403 1253 1637 1291 Fernandus
1667 1255 1772 1293 Petri

78 1310 120 1348 in
153 1324 225 1349 sua
261 1310 513 1360 depositione
533 1309 576 1347 2:
610 1310 875 1358 Interrogatus
907 1324 1026 1359 super
1054 1310 1216 1348 LXXX
1249 1311 1421 1359 capitulo
1450 1312 1549 1350 discit
1582 1314 1683 1363 quod
1714 1314 1775 1351 die

80 1369 216 1408 martis
242 1369 375 1419 prima
399 1369 573 1418 sequenti
600 1377 686 1418 post
706 1369 923 1406 electionem
947 1377 1033 1418 post
1056 1383 1243 1418 vesperos,
1267 1385 1354 1407 cum
1377 1372 1622 1410 ascenderent
1644 1387 1774 1410 omnes

79 1428 276 1466 auditores
297 1428 399 1466 sacri
422 1428 578 1478 palatii,
603 1428 669 1477 qui
692 1436 801 1465 erant
824 1429 961 1475 decem,
987 1436 1027 1465 ut
1049 1428 1178 1475 credit,
1202 1437 1235 1466 et
1258 1428 1327 1466 iste
1349 1429 1454 1467 testis
1477 1445 1564 1468 cum
1587 1431 1667 1468 illis
1690 1439 1772 1469 tan-

82 1502 199 1538 quam
219 1487 374 1525 auditor
395 1501 463 1537 per
491 1487 638 1524 scalam
660 1487 796 1525 Sancti
818 1487 925 1525 Petri
956 1502 1026 1536 que
1047 1487 1152 1525 ducit
1173 1488 1225 1525 ad
1245 1489 1394 1525 currale
1423 1489 1595 1538 primum
1619 1491 1774 1539 palatii,

82 1547 298 1585 cardinalis
329 1546 644 1584 Mediolanensis
676 1547 906 1584 descendens
938 1560 1006 1595 per
1037 1546 1179 1584 dictam
1209 1547 1356 1584 scalam
1388 1548 1488 1585 dimit
1518 1548 1631 1586 dictis
1662 1550 1774 1586 audi-

82 1606 230 1644 toribus
253 1622 260 1644 :
283 1605 367 1655 Quo
389 1605 454 1643 itis
475 1620 540 1643 vos
559 1605 658 1643 alii?
676 1605 725 1643 Et
747 1606 929 1642 dominus
948 1605 1137 1642 Robertus
1157 1605 1201 1642 de
1222 1606 1390 1652 Straton,
1409 1607 1518 1656 prior
1537 1608 1774 1655 auditorum,

82 1665 281 1715 respondit
302 1664 400 1702 sibi:
430 1665 540 1702 Imus
565 1665 616 1702 ad
638 1665 898 1702 exhibendum
923 1664 1173 1702 reverentiam
1198 1679 1312 1714 pape.
1342 1665 1389 1702 Et
1413 1666 1538 1704 dictus
1562 1667 1776 1705 cardinalis

80 1724 180 1773 jacie
207 1724 375 1771 turbata,
403 1724 585 1762 elevando
613 1738 756 1761 manus
782 1724 934 1761 turbato
963 1724 1085 1770 modo,
1114 1724 1345 1761 admirative
1372 1725 1471 1762 dixit
1500 1741 1507 1762 :
1537 1725 1586 1763 Et
1612 1726 1702 1763 cui?
1727 1727 1776 1763 Et

81 1783 236 1821 elevatis
265 1783 388 1821 oculis
428 1783 471 1820 in
508 1783 632 1820 celum
660 1782 759 1821 dixit
790 1798 797 1820 :
822 1781 855 1820 O
876 1783 997 1829 Deus,
1023 1782 1169 1831 adjuva.
1193 1783 1407 1820 Ecclesiam
1432 1792 1551 1822 tuam.
1574 1785 1623 1822 Et
1655 1785 1775 1823 illatis

81 1842 206 1880 verbis
235 1842 414 1880 turbatus
443 1842 648 1880 descendit.

135 1902 275 1951 Neque
302 1901 433 1939 solum
461 1902 549 1948 hoc,
578 1901 647 1939 sed
674 1900 799 1939 etiam
827 1900 1037 1938 diabolum
1064 1915 1156 1939 eum
1184 1901 1362 1940 vocavit.
1395 1902 1456 1939 Ita
1484 1902 1560 1951 legi
1587 1902 1627 1939 in
1655 1903 1774 1953 depo-

80 1960 225 1999 sitione
252 1960 387 1998 fratris
416 1960 586 1998 Ferrarii
612 1960 659 1998 de
686 1960 851 2009 Vergos,
879 1959 1028 1997 ordinis
1056 1960 1271 2007 Minorum,
1298 1960 1481 2009 magistri
1506 1961 1547 1998 in
1572 1962 1772 2011 theologia

81 2028 122 2058 et
145 2019 304 2058 lectoris
332 2019 620 2058 Universitatis
650 2019 861 2057 Ilerdensis
883 2018 899 2041 3
923 2035 930 2056 :
960 2019 1055 2056 Item
1088 2019 1187 2056 discit
1219 2019 1319 2069 quod
1341 2019 1402 2056 die
1424 2020 1580 2057 sabbati
1602 2021 1774 2070 sequenti

82 2079 213 2129 prima
235 2086 322 2128 post
344 2078 564 2116 electionem
594 2078 762 2125 Urbani,
789 2086 829 2116 ut
852 2078 982 2124 credit,
1008 2086 1136 2115 tamen
1159 2086 1213 2115 est
1236 2087 1359 2116 certus
1383 2079 1483 2128 quod
1503 2087 1592 2116 ante
1622 2080 1775 2117 Urbani

82 2137 382 2185 coronationem,
409 2146 519 2175 erant
544 2138 676 2187 plures
703 2137 916 2175 Catlzalani
943 2145 976 2174 et
1010 2137 1082 2174 alii
1113 2137 1314 2174 castellani
1343 2137 1531 2174 notabiles
1557 2152 1718 2187 persone
1744 2147 1775 2175 et

81 2197 242 2235 litterate
263 2197 315 2234 ad
335 2197 480 2246 gradus
503 2197 638 2234 Sancti
660 2196 780 2243 Petri,
803 2204 836 2233 et
856 2196 1114 2233 ascendebant
1134 2196 1259 2245 aliqui
1280 2196 1476 2233 auditores
1496 2197 1598 2233 sacri
1620 2197 1775 2246 palatii,

84 2256 183 2293 inter
203 2269 296 2305 quos
317 2264 397 2293 erat
420 2256 588 2293 decanus
613 2254 902 2301 Tirasonensis,
925 2263 958 2292 et
979 2254 1051 2291 alii
1073 2255 1124 2291 ad
1143 2255 1368 2303 faciendum
1390 2255 1637 2292 reverentiam
1660 2270 1775 2305 pape,

82 2323 115 2353 et
131 2314 347 2352 cardinalis
365 2314 681 2352 Mediolanensis
697 2314 946 2351 descendebat
963 2314 1006 2350 de
1023 2313 1184 2362 palatia,
1203 2321 1236 2350 et
1252 2328 1339 2351 cum
1356 2313 1526 2351 obviavit
1541 2314 1598 2351 eis
1614 2314 1776 2364 quesivit

82 2374 132 2411 ab
150 2373 206 2411 eis
225 2388 298 2423 quo
318 2373 441 2420 ibant,
460 2381 494 2411 et
514 2373 593 2423 ipsi
613 2374 894 2422 responderunt
913 2372 1013 2421 quod
1030 2373 1081 2409 ad
1097 2372 1323 2420 jaciendum
1342 2372 1589 2410 reverentiam
1610 2387 1724 2422 pape¹
1745 2382 1777 2410 et

85 2432 302 2470 cardinalis
321 2432 421 2470 dixit
441 2448 448 2470 :
469 2432 547 2470 Cui
565 2432 694 2482 pape?
713 2432 786 2469 Itis
804 2432 855 2469 ad
872 2431 1086 2477 diabolum,
1107 2431 1173 2480 qui
1191 2431 1317 2468 sedem
1342 2431 1467 2468 sancti
1486 2431 1593 2468 Petri
1616 2440 1776 2481 occupat

87 2492 244 2541 injuste.
273 2491 422 2528 Tamen
446 2491 540 2528 dicit
564 2491 633 2528 iste
656 2490 762 2528 testis
785 2491 886 2540 quod
909 2504 986 2527 non
1010 2489 1162 2527 audivit
1185 2489 1253 2526 hoc
1278 2489 1360 2538 ipse
1383 2504 1407 2526 a
1431 2489 1641 2535 cardinale,
1665 2491 1732 2527 sed
1753 2506 1775 2527 a

87 2550 243 2588 domino
264 2549 502 2598 Berengario
524 2550 568 2587 de
589 2549 802 2598 Anglesola
822 2557 855 2586 et
875 2564 899 2586 a
919 2549 1032 2586 Petro
1063 2549 1106 2585 de
1136 2548 1246 2585 Nuce
1263 2548 1292 2594 4,
1311 2549 1456 2585 doctore
1477 2549 1722 2595 decretorum,
1744 2557 1777 2585 et

83 2609 215 2647 statim
235 2609 354 2646 exivit
373 2623 506 2645 rumor
527 2608 626 2646 inter
647 2609 733 2645 illos
754 2608 820 2659 qui
843 2608 899 2645 ibi
920 2615 1028 2644 erant
1049 2607 1148 2656 quod
1178 2607 1231 2644 ita
1252 2607 1400 2644 differat
1428 2607 1656 2653 cardinalis,
1677 2607 1775 2645 exis-

86 2676 182 2706 tente
201 2668 328 2705 adhuc
348 2682 435 2705 cum
454 2667 510 2704 eis
531 2667 629 2705 dicto
649 2667 860 2713 cardinale,
882 2675 914 2703 et
935 2666 1014 2715 ipsi
1035 2666 1216 2712 videbant
1236 2666 1399 2714 qualiter
1418 2665 1633 2703 cardinalis
1653 2666 1776 2715 loque-

89 2728 200 2765 batur
220 2741 307 2765 cum
327 2726 396 2764 eis.
419 2726 534 2766 Adde
558 2725 854 2776 depositionem
878 2724 1059 2774 Hugonis
1082 2724 1295 2762 cardinalis
1319 2724 1366 2762 de
1388 2724 1613 2770 Britannia,
1636 2724 1676 2761 in
1699 2739 1776 2774 qua

135 2875 149 2906 »A

159 2899 166 2906 .
197 2873 264 2906 Ms.
293 2872 376 2912 cite,
404 2872 465 2905 fol.
494 2872 562 2905 107
590 2876 640 2905 v0.

198 2926 265 2959 Ms.
287 2925 370 2964 cite,
391 2925 453 2958 fol.
476 2925 544 2957 243
564 2929 614 2957 νο.

198 2979 265 3012 Ms.
291 2978 375 3017 cite,
399 2978 461 3011 fol.
486 2978 553 3010 101
578 2982 621 3009 ΓΟ.

200 3031 254 3065 De
276 3031 387 3064 Petro
416 3031 460 3063 de
482 3030 596 3070 Nuce,
620 3029 703 3062 vide
724 3035 902 3072 excerpta
923 3039 1006 3061 mea
1025 3040 1070 3061 ex
1091 3027 1216 3061 codice
1238 3028 1281 3061 61
1301 3027 1336 3060 S.
1359 3027 1512 3060 Martini
1541 3028 1777 3068 Turonensis,

88 3096 124 3129 p.
146 3086 166 3118 3
202 3084 387 3128 [Baluze].

135 2928 168 3065 ‚mozo
