2083 3458
295 253 377 295 516
937 271 1089 297 NOTAE
1123 271 1183 297 AD
1218 272 1345 297 VITAs
1836 287 1843 294 .
1872 255 1996 311 [999]

298 354 395 391 Erat
419 356 525 393 inter
548 371 627 401 eos,
652 357 682 393 si
706 371 786 393 non
809 356 979 406 primus,
1003 364 1111 394 certe
1134 356 1337 395 secundus
1360 357 1424 395 hic
1448 357 1689 396 Guillelmus
1713 359 1761 396 de
1785 357 1996 408 Agrifolm,

296 414 357 450 vir
375 428 617 463 magnarum
638 415 841 453 virtutum
861 416 1082 465 magnique
1100 416 1142 453 in
1163 416 1343 454 Ecclesia
1366 416 1439 454 Dei
1458 417 1646 456 nominis.
1668 417 1780 455 Varii
1799 417 1914 455 Varia
1948 416 1997 454 de

294 471 362 509 illo
379 474 586 523 scripsere,
605 483 728 523 prout
746 475 917 524 quisque
935 475 1088 513 all'ectu
1105 483 1178 512 aut
1195 475 1333 513 studio
1349 476 1532 525 partium
1550 476 1791 515 ducebatur.
1812 476 1909 524 Nos,
1928 475 1997 525 qui

296 533 473 571 multum
500 533 645 571 remoti
671 548 810 572 sumus
837 534 888 571 ab
915 548 960 572 ea
987 542 1139 582 aetate,
1166 543 1207 573 et
1233 535 1302 584 qui
1329 548 1471 574 causas
1499 535 1581 574 odii
1611 544 1652 574 et
1676 536 1830 575 irarum
1854 535 1998 585 procul

296 590 507 635 habemus,
534 593 752 631 veritatem
775 594 883 631 nude
908 602 949 631 et
972 594 1125 632 sincere
1149 608 1416 644 exponemus,
1443 603 1647 644 quantum
1672 595 1788 633 nobis
1811 595 1853 632 in
1876 602 1997 632 tanta

296 650 561 688 scribentium
601 651 852 690 obscuritate
890 652 1030 691 licebit
1068 654 1229 703 assequi
1267 668 1339 703 per
1376 654 1627 693 tenuitatem
1663 654 1815 705 ingenii
1853 653 1996 692 nostri.

297 709 437 748 Libere
456 710 637 759 inquam.
661 711 767 749 Nam
785 712 970 750 extincto
986 712 1148 762 jamdiu
1165 713 1234 751 illo
1252 713 1473 752 schismate
1491 728 1537 752 ac
1559 713 1722 753 firmata
1740 728 1840 764 pace.
1861 713 1997 751 Eccle-

296 768 390 816 siae,
421 770 515 807 licet
547 770 594 808 de
626 784 671 808 ea
703 772 983 810 controversia
1014 772 1188 811 scribere
1218 773 1342 812 libere
1373 772 1529 823 absque
1554 774 1635 811 ullo
1659 773 1841 824 periculo
1873 772 1997 810 offen-

295 842 466 867 sionum.

352 887 545 926 Extincto
572 889 725 938 itaque,
752 898 799 927 ut
826 890 1252 941 diximus,‚Gregorio,
1280 900 1438 931 certum
1464 900 1525 930 est
1546 892 1787 942 ademptam
1814 891 1998 929 cardina-

294 946 398 983 libus
415 947 652 986 libertatem
668 963 844 998 eumque
861 958 1020 989 metum
1035 950 1113 989 illis
1129 951 1339 989 incussum
1357 965 1379 989 a
1397 952 1594 991 Romanis
1613 952 1682 1001 qui
1699 951 1843 990 cadere
1859 958 1998 1000 posset

293 1006 334 1042 in
358 1006 492 1043 virum
516 1015 789 1047 constantem.
818 1009 935 1047 Istud
960 1010 1097 1060 negari
1121 1025 1203 1049 non
1226 1019 1378 1061 potest,
1402 1025 1534 1061 neque
1558 1011 1757 1050 hactenus
1780 1011 1858 1060 legi
1887 1009 1997 1060 apud

295 1065 422 1102 ullum
448 1074 635 1104 veterum
658 1081 743 1105 rem
769 1068 930 1118 absque
959 1071 1159 1118 tumultu,
1195 1070 1491 1109 vociferatione
1521 1079 1562 1109 et
1585 1071 1704 1110 minis
1741 1077 1998 1107 transactam

295 1138 391 1162 esse.
412 1125 659 1175 Quanquam
676 1126 786 1165 fuere
811 1129 880 1178 qui
902 1129 1168 1168 atrocitatem
1191 1129 1382 1168 facinoris
1407 1130 1562 1169 mollire
1588 1130 1723 1168 verbis
1751 1136 1999 1167 conarentur

294 1191 335 1221 et
360 1184 642 1225 Romanorum
666 1201 784 1225 voces
808 1189 1069 1237 precantium
1092 1189 1230 1239 potius
1254 1190 1378 1228 fuisse
1402 1190 1700 1228 contenderent
1723 1202 1849 1238 quam
1870 1188 1998 1238 inlpe-

294 1243 476 1282 rantium
512 1253 585 1282 aut
621 1254 866 1296 extorquere
902 1248 1132 1286 volentium
1169 1250 1410 1288 electionem
1446 1263 1578 1299 papae
1616 1248 1808 1296 Romani,
1845 1248 1910 1285 Vel
1945 1246 1997 1284 ab

294 1302 414 1340 ebriis
432 1311 472 1341 et
488 1318 568 1341 non
585 1305 836 1355 sanicapitis
854 1307 1088 1346 hominibus
1106 1317 1284 1356 exortas,
1302 1309 1487 1358 adeoque
1503 1323 1586 1347 non
1601 1308 1724 1346 fuisse
1741 1307 1996 1354 violentiam,

294 1361 363 1399 sed
398 1363 683 1411 vinolentiam,
718 1366 780 1403 uti
816 1366 965 1405 dixisse
1001 1367 1218 1407 Urbanum
1252 1368 1310 1405 VI
1344 1376 1526 1406 testatur
1557 1369 1600 1406 in
1635 1367 1890 1417 depositione
1924 1379 1997 1405 sua

294 1421 547 1461 Antoniuse
529 1423 742 1473 episcopus
774 1425 1003 1465 Fiimanus.
1036 1427 1113 1465 Sed
1141 1427 1242 1466 haec
1269 1427 1448 1466 ludibrio
1477 1436 1518 1466 et
1547 1426 1759 1477 despectui
1788 1426 1898 1464 fuere
1927 1439 1998 1475 per

294 1481 393 1517 unix
398 1495 529 1521 eisam
556 1483 779 1533 Europam,
805 1499 937 1535 neque
964 1500 1147 1536 unquam
1170 1486 1235 1524 ita
1254 1487 1356 1526 bene
1382 1487 1547 1525 defensa
1572 1501 1666 1537 pars
1689 1484 1998 1530 Bartholomaei

294 1540 588 1591 archiepiscopi
618 1543 807 1582 Barensis
840 1559 966 1594 quam
996 1560 1047 1584 ex
1076 1546 1372 1585 ratihabitione
1404 1561 1508 1596 quae
1539 1555 1630 1584 tum
1660 1545 1883 1584 videbatur
1914 1557 1998 1582 car-

296 1599 494 1643 dinalium
521 1602 588 1650 qui
615 1611 729 1641 metu
755 1604 899 1643 mortis
925 1619 1019 1643 eum
1045 1606 1263 1656 elegerant.

348 1658 585 1710 Antequam
604 1662 657 1700 ad
676 1664 905 1705 enarranda
925 1678 971 1702 ca
991 1665 1278 1715 aggrediamur
1297 1680 1401 1715 quae
1421 1665 1538 1703 nobis
1557 1664 1805 1703 incumbunt
1825 1662 1996 1702 dicenda

294 1720 648 1767 praemonendum
677 1730 738 1760 est
766 1723 868 1761 adeo
900 1724 1183 1764 Romanorum
1211 1725 1331 1764 minis
1360 1739 1407 1763 ac
1434 1733 1588 1763 terrore
1617 1722 1997 1763 commotosfuisse

295 1778 536 1826 cardinales,
558 1788 604 1817 ut
625 1780 808 1820 dubitari
829 1784 940 1821 nullo
956 1784 1079 1822 modo
1100 1793 1239 1834 posset
1261 1785 1360 1834 quin
1374 1792 1639 1823 versarentur
1657 1784 1698 1822 in
1714 1797 1864 1833 magno
1889 1782 1997 1819 vitae

295 1837 488 1886 periculo,
525 1839 600 1877 nisi
637 1840 873 1880 Romanum
907 1843 1103 1892 eligerent
1137 1853 1210 1882 aut
1249 1844 1411 1882 Italum.
1454 1844 1599 1893 Itaque
1635 1843 1902 1881 observatum
1937 1847 1998 1879 est

294 1896 384 1934 illos
411 1897 517 1935 visos
545 1913 628 1937 esse
659 1900 792 1939 tristes
820 1916 865 1939 eo
891 1910 1077 1952 tempore
1104 1917 1184 1953 quo
1210 1904 1379 1953 ingressi
1405 1911 1501 1941 sunt
1528 1903 1734 1950 conclave,
1761 1909 1808 1939 ut
1834 1907 1999 1939 constat

293 1955 336 1992 in
364 1956 601 1995 universum
629 1973 679 1997 ex
707 1960 963 2010 depositione
992 1963 1158 2001 Garsiae
1188 1963 1354 2001 Martini
1383 1963 1500 2001 electi
1528 1961 1749 2000 Auriensis.
1782 1961 1840 1999 De
1869 1958 1997 1998 cardi-

241 2024 244 2026 ·
296 2015 386 2053 nale
421 2016 468 2054 de
503 2017 712 2066 Agrifolio,
748 2020 858 2069 quod
891 2021 1020 2059 tristis
1054 2031 1173 2070 esset,
1211 2022 1334 2061 fidem
1367 2022 1467 2060 facit
1502 2021 1725 2060 Rodericus
1761 2017 1998 2058 Fernandi1

296 2074 571 2123 portionarius
603 2077 803 2118 Ecclesiae
833 2080 1099 2130 Hispalensis,
1127 2082 1196 2131 qui
1220 2082 1351 2120 tradit
1375 2081 1525 2120 vidisse
1552 2096 1592 2119 se
1616 2081 1769 2119 intrare
1795 2078 1998 2129 palatium

297 2134 522 2173 cardinales
547 2136 594 2174 de
618 2137 815 2186 Agrifolio
837 2148 877 2177 et
901 2140 1200 2180 pictavensem.
1228 2141 1497 2189 Interrogatus
1517 2140 1554 2178 .ςί
1577 2140 1688 2177 ibant
1708 2139 1773 2178 leti
1795 2139 1853 2178 vel
1871 2137 1998 2179 tristes

298 2192 399 2230 dimit
433 2196 533 2243 qnod
568 2196 771 2235 videbatur
805 2198 885 2236 sibi
921 2201 1023 2249 qaod
1058 2200 1170 2238 ibant
1204 2201 1343 2240 tristes.
1388 2201 1654 2249 Interrogatus
1689 2198 1878 2249 quomodo
1911 2196 1997 2244 soit,

298 2254 499 2301 respondit
518 2255 612 2304 qnia
631 2256 730 2294 vidit
748 2258 990 2296 cardinalem
1010 2260 1054 2297 de
1073 2260 1274 2309 Agrijolio
1295 2260 1501 2297 dominum
1520 2273 1650 2307 suam,
1672 2266 1882 2307 antequam
1901 2269 1997 2293 rece-

300 2311 400 2349 deret
429 2313 472 2349 sle
502 2313 673 2363 hospitio
703 2331 773 2365 pro
803 2319 930 2356 eundo
960 2320 1013 2356 ad
1041 2320 1232 2367 conclave,
1264 2320 1480 2369 loquentem
1510 2333 1598 2356 enm
1616 2318 1706 2356 'tota
1733 2316 1895 2366 familia
1923 2329 1999 2352 sua
2028 2358 2032 2359 ⁷

299 2384 368 2407 con
374 2381 544 2420 greoata
568 2383 602 2411 et
621 2374 723 2422 flens
747 2376 849 2414 (lixit
869 2378 926 2415 εἰς
949 2379 1050 2428 quod
1073 2379 1158 2428 ipse
1182 2378 1263 2416 ibat
1284 2379 1336 2416 ad
1359 2378 1591 2416 intrandum
1614 2377 1791 2415 conclave
1813 2389 1884 2425 pro
1907 2374 1997 2412 cele-

302 2429 449 2467 branda
468 2432 649 2470 electione
660 2435 712 2471 ad
726 2436 931 2474 Memmium
944 2437 1035 2486 Dei,
1054 2447 1087 2476 et
1100 2439 1202 2494 qaod
1219 2438 1358 2476 ibant
1346 2452 1388 2475 111
1406 2451 1570 2474 manum
1589 2436 1699 2474 illius
1714 2443 1840 2484 gentis
1854 2434 1998 2471 Roma-

300 2503 369 2525 nor
375 2504 453 2537 11111,
473 2500 506 2528 et
524 2492 560 2528 si
578 2493 733 2543 aliquid
750 2496 989 2545 contingeret
1007 2498 1051 2534 de
1069 2512 1123 2545 eo,
1145 2491 1309 2546 rogabat
1325 2511 1387 2534 eos
1407 2505 1448 2534 ut
1466 2497 1765 2545 clepteearentztr
1779 2494 1909 2531 Deam
1926 2506 1998 2542 pro

298 2562 437 2585 antina
450 2564 536 2588 sua
555 2551 605 2588 Et
619 2553 743 2591 (lixit
765 2554 842 2592 Vos
857 2555 944 2604 alii,
962 2557 1149 2594 custodite
1163 2557 1341 2603 domum3
1357 2565 1392 2594 et
1406 2571 1440 2593 st
1456 2555 1583 2605 aliqui
1598 2554 1774 2592 venerint
1786 2552 1997 2602 adfacien-

300 2607 392 2644 lunt.
418 2609 526 2645 <olus
553 2610 761 2660 1”·,11]1111”α111
789 2614 1008 2663 defendatis
1034 2630 1098 2653 vos
1124 2616 1277 2653 meltort
1303 2588 1414 2652 niodo
1441 2629 1514 2665 qao
1539 2613 1728 2668 poteritis.
1757 2612 1877 2650 Nunc
1903 2624 1996 2660 ergo

298 2666 467 2705 tandem
490 2671 731 2710 accedamus
755 2673 806 2710 ad
829 2688 914 2711 rem
935 2675 1080 2724 ipsam.

357 2726 535 2766 l'iimuin
560 2731 743 2769 omnium
768 2732 962 2771 affirmari
986 2748 1103 2783 posse
1127 2734 1293 2771 videtur
1317 2748 1366 2771 ex
1389 2732 1628 2771 testimonio
1652 2731 1867 2770 hominum
1889 2729 1995 2768 illius

299 2785 446 2821 amatis
473 2786 576 2825 lianc.
602 2798 783 2828 mentem
808 2792 930 2830 fuisse
957 2793 1231 2831 cardinalibus
1258 2791 1618 2832 Lemovicensibus
1643 2799 1690 2828 ut
1714 2804 1866 2841 papam
1892 2789 1996 2826 face-

300 2851 388 2879 rvnt
409 2845 639 2886 (luidonem
659 2849 706 2886 de
727 2849 940 2889 Malesicco
958 2852 1247 2901 presbyterum
1267 2851 1516 2890 cardinalem
1534 2851 1646 2888 tituli
1666 2850 1840 2888 Sanctae
1860 2847 1996 2887 Crucis

301 2902 337 2937 in
369 2902 634 2953 Hierusalem,
662 2909 783 2957 vulgo
808 2910 965 2948 dictum
991 2911 1306 2958 pictaviensem,
1331 2911 1396 2949 vel
1420 2911 1451 2948 si
1474 2910 1515 2947 id
1540 2909 1715 2948 obtineri
1738 2923 1820 2946 non
1843 2914 1995 2958 posset,

306 2961 466 2998 l'‹·11·11111
496 2964 542 2998 ‹h-
572 2966 793 3005 Sortenaco
820 2970 1108 3018 presbyterum
1136 2970 1385 3008 cardinalem
1411 2969 1523 3006 tituli
1552 2968 1690 3006 Sancti
1719 2966 1929 3005 Laurentii
1955 2965 1996 3002 in

305 3019 466 3062 l⁴¹³⁹l¹¹³¹2
494 3024 610 3063 *ulam
632 3025 708 3062 dict
721 3041 788 3064 um
810 3027 1102 3067 Vivariensem.
1127 3029 1203 3067 Sed
1224 3029 1499 3067 mutationem
1519 3028 1636 3065 istius
1658 3026 1812 3064 consilii
1832 3025 1997 3063 induxit

350 3144 379 3175 1.
412 3144 449 3177 Η.
478 3146 531 3185 Ν,
556 3159 622 3181 ms.
646 3150 738 3183 latin
760 3151 975 3193 11745,f01.
999 3155 1067 3187 119
1089 3159 1139 3187 v0.
