<?xml version="1.0" encoding="UTF-8"?>
<!DOCTYPE html PUBLIC "-//W3C//DTD XHTML 1.0 Transitional//EN"
    "http://www.w3.org/TR/xhtml1/DTD/xhtml1-transitional.dtd">
<html xmlns="http://www.w3.org/1999/xhtml" xml:lang="en" lang="en">
 <head>
  <title>
</title>
<meta http-equiv="Content-Type" content="text/html;charset=utf-8" />
  <meta name='ocr-system' content='tesseract 3.04.00' />
  <meta name='ocr-capabilities' content='ocr_page ocr_carea ocr_par ocr_line ocrx_word'/>
</head>
<body>
  <div class='ocr_page' id='page_1' title='image "./vitaepaparumaven02balu_0404.png"; bbox 0 0 2083 3458; ppageno 0'>
   <div class='ocr_carea' id='block_1_1' title="bbox 241 240 1949 297">
    <p class='ocr_par' dir='ltr' id='par_1_1' title="bbox 241 240 1949 297">
     <span class='ocr_line' id='line_1_1' title="bbox 241 240 1949 297; baseline 0 -15"><span class='ocrx_word' id='word_1_1' title='bbox 241 240 325 282; x_wconf 81' lang='lat'>394</span> <span class='ocrx_word' id='word_1_2' title='bbox 891 256 1043 281; x_wconf 82' lang='lat' dir='ltr'><strong>NOTAE</strong></span> <span class='ocrx_word' id='word_1_3' title='bbox 1077 255 1137 280; x_wconf 85' lang='lat' dir='ltr'>AD</span> <span class='ocrx_word' id='word_1_4' title='bbox 1172 255 1300 280; x_wconf 73' lang='lat' dir='ltr'>VITAs</span> <span class='ocrx_word' id='word_1_5' title='bbox 1821 240 1949 297; x_wconf 91' lang='lat'>[882]</span> 
     </span>
    </p>
   </div>
   <div class='ocr_carea' id='block_1_2' title="bbox 231 339 1956 2878">
    <p class='ocr_par' dir='ltr' id='par_1_2' title="bbox 231 339 1952 1220">
     <span class='ocr_line' id='line_1_2' title="bbox 241 339 1952 390; baseline 0.001 -12"><span class='ocrx_word' id='word_1_6' title='bbox 241 341 373 390; x_wconf 67' lang='lat' dir='ltr'>ipsius</span> <span class='ocrx_word' id='word_1_7' title='bbox 403 349 437 377; x_wconf 86' lang='lat' dir='ltr'>et</span> <span class='ocrx_word' id='word_1_8' title='bbox 465 348 623 389; x_wconf 79' lang='lat' dir='ltr'>propter</span> <span class='ocrx_word' id='word_1_9' title='bbox 653 339 738 389; x_wconf 79' lang='lat' dir='ltr'>ejus</span> <span class='ocrx_word' id='word_1_10' title='bbox 770 340 909 377; x_wconf 82' lang='lat' dir='ltr'>merita</span> <span class='ocrx_word' id='word_1_11' title='bbox 939 340 1063 377; x_wconf 79' lang='lat' dir='ltr'>multa</span> <span class='ocrx_word' id='word_1_12' title='bbox 1094 339 1288 377; x_wconf 80' lang='lat' dir='ltr'>miracula</span> <span class='ocrx_word' id='word_1_13' title='bbox 1316 339 1422 388; x_wconf 73' lang='lat' dir='ltr'>facta</span> <span class='ocrx_word' id='word_1_14' title='bbox 1449 340 1612 389; x_wconf 72' lang='lat' dir='ltr'>suerunt</span> <span class='ocrx_word' id='word_1_15' title='bbox 1640 349 1674 379; x_wconf 87' lang='lat' dir='ltr'>et</span> <span class='ocrx_word' id='word_1_16' title='bbox 1703 340 1887 380; x_wconf 77' lang='lat' dir='ltr'><em>continue</em></span> <span class='ocrx_word' id='word_1_17' title='bbox 1916 349 1952 380; x_wconf 82' lang='lat' dir='ltr'>et</span> 
     </span>
     <span class='ocr_line' id='line_1_3' title="bbox 240 399 1950 449; baseline 0.002 -13"><span class='ocrx_word' id='word_1_18' title='bbox 240 399 479 437; x_wconf 74' lang='lat' dir='ltr'>incessanter</span> <span class='ocrx_word' id='word_1_19' title='bbox 508 399 628 448; x_wconf 74' lang='lat' dir='ltr'>fiunt.</span> <span class='ocrx_word' id='word_1_20' title='bbox 664 399 718 436; x_wconf 86' lang='lat' dir='ltr'>Et</span> <span class='ocrx_word' id='word_1_21' title='bbox 748 399 872 449; x_wconf 89' lang='lat' dir='ltr'>paulo</span> <span class='ocrx_word' id='word_1_22' title='bbox 904 407 1000 449; x_wconf 86' lang='lat' dir='ltr'>post</span> <span class='ocrx_word' id='word_1_23' title='bbox 1030 399 1243 436; x_wconf 88' lang='lat' dir='ltr'>adduntur</span> <span class='ocrx_word' id='word_1_24' title='bbox 1275 413 1320 437; x_wconf 87' lang='lat' dir='ltr'>ea</span> <span class='ocrx_word' id='word_1_25' title='bbox 1354 413 1458 449; x_wconf 84' lang='lat' dir='ltr'>quae</span> <span class='ocrx_word' id='word_1_26' title='bbox 1490 399 1601 437; x_wconf 88' lang='lat' dir='ltr'>edita</span> <span class='ocrx_word' id='word_1_27' title='bbox 1633 408 1731 438; x_wconf 88' lang='lat' dir='ltr'>sunt</span> <span class='ocrx_word' id='word_1_28' title='bbox 1760 400 1803 438; x_wconf 89' lang='lat' dir='ltr'>in</span> <span class='ocrx_word' id='word_1_29' title='bbox 1833 408 1950 440; x_wconf 88' lang='lat' dir='ltr'>tomo</span> 
     </span>
     <span class='ocr_line' id='line_1_4' title="bbox 240 458 1949 509; baseline 0.001 -14"><span class='ocrx_word' id='word_1_30' title='bbox 240 466 389 509; x_wconf 81' lang='lat' dir='ltr'>quarto</span> <span class='ocrx_word' id='word_1_31' title='bbox 412 458 509 495; x_wconf 87' lang='lat' dir='ltr'>maii</span> <span class='ocrx_word' id='word_1_32' title='bbox 529 458 804 505; x_wconf 85' lang='lat' dir='ltr'>Bollandiani,</span> <span class='ocrx_word' id='word_1_33' title='bbox 827 473 865 508; x_wconf 88' lang='lat' dir='ltr'>p.</span> <span class='ocrx_word' id='word_1_34' title='bbox 892 458 980 505; x_wconf 84' lang='grc'>578,</span> <span class='ocrx_word' id='word_1_35' title='bbox 1005 458 1056 495; x_wconf 88' lang='lat' dir='ltr'>ab</span> <span class='ocrx_word' id='word_1_36' title='bbox 1079 458 1140 496; x_wconf 90' lang='lat' dir='ltr'>his</span> <span class='ocrx_word' id='word_1_37' title='bbox 1163 458 1298 496; x_wconf 89' lang='lat' dir='ltr'>verbis</span> <span class='ocrx_word' id='word_1_38' title='bbox 1323 458 1631 508; x_wconf 82' lang='lat' dir='ltr'>Inquisitionem</span> <span class='ocrx_word' id='word_1_39' title='bbox 1652 467 1783 497; x_wconf 89' lang='lat' dir='ltr'>autem</span> <span class='ocrx_word' id='word_1_40' title='bbox 1802 459 1949 509; x_wconf 77' lang='lat' dir='ltr'>factam</span> 
     </span>
     <span class='ocr_line' id='line_1_5' title="bbox 238 515 1946 569; baseline 0.001 -14"><span class='ocrx_word' id='word_1_41' title='bbox 238 532 367 567; x_wconf 87' lang='lat' dir='ltr'>usque</span> <span class='ocrx_word' id='word_1_42' title='bbox 390 518 441 555; x_wconf 89' lang='lat' dir='ltr'>ad</span> <span class='ocrx_word' id='word_1_43' title='bbox 466 527 598 555; x_wconf 74' lang='lat' dir='ltr'>nostra</span> <span class='ocrx_word' id='word_1_44' title='bbox 620 526 794 567; x_wconf 80' lang='lat' dir='ltr'>tempora</span> <span class='ocrx_word' id='word_1_45' title='bbox 816 515 1046 567; x_wconf 68' lang='lat' dir='ltr'>conquievit.</span> <span class='ocrx_word' id='word_1_46' title='bbox 1073 517 1156 555; x_wconf 46' lang='lat' dir='ltr'>Sed*</span> <span class='ocrx_word' id='word_1_47' title='bbox 1170 525 1263 555; x_wconf 87' lang='lat' dir='ltr'>tunc</span> <span class='ocrx_word' id='word_1_48' title='bbox 1281 517 1432 567; x_wconf 75' lang='lat' dir='ltr'>fortiter</span> <span class='ocrx_word' id='word_1_49' title='bbox 1452 518 1621 565; x_wconf 70' lang='lat' dir='ltr'>excitati,</span> <span class='ocrx_word' id='word_1_50' title='bbox 1638 526 1729 565; x_wconf 64' lang='lat' dir='ltr'>etc..</span> <span class='ocrx_word' id='word_1_51' title='bbox 1743 533 1873 569; x_wconf 87' lang='lat' dir='ltr'>usque</span> <span class='ocrx_word' id='word_1_52' title='bbox 1895 519 1946 556; x_wconf 88' lang='lat' dir='ltr'>ad</span> 
     </span>
     <span class='ocr_line' id='line_1_6' title="bbox 236 575 1951 626; baseline 0.001 -12"><span class='ocrx_word' id='word_1_53' title='bbox 236 585 269 615; x_wconf 88' lang='lat' dir='ltr'>et</span> <span class='ocrx_word' id='word_1_54' title='bbox 288 578 340 614; x_wconf 86' lang='lat' dir='ltr'>ad</span> <span class='ocrx_word' id='word_1_55' title='bbox 359 577 557 614; x_wconf 69' lang='lat' dir='ltr'>veritatem</span> <span class='ocrx_word' id='word_1_56' title='bbox 576 577 783 615; x_wconf 74' lang='lat' dir='ltr'><strong><em>addebant.</em></strong></span> <span class='ocrx_word' id='word_1_57' title='bbox 809 577 965 615; x_wconf 89' lang='lat' dir='ltr'>Deinde</span> <span class='ocrx_word' id='word_1_58' title='bbox 983 577 1204 626; x_wconf 84' lang='lat' dir='ltr'>legendum</span> <span class='ocrx_word' id='word_1_59' title='bbox 1223 575 1313 615; x_wconf 89' lang='lat' dir='ltr'>est1</span> <span class='ocrx_word' id='word_1_60' title='bbox 1331 576 1526 626; x_wconf 74' lang='lat' dir='ltr'>forrature</span> <span class='ocrx_word' id='word_1_61' title='bbox 1545 585 1587 615; x_wconf 88' lang='lat' dir='ltr'>et</span> <span class='ocrx_word' id='word_1_62' title='bbox 1606 592 1704 615; x_wconf 84' lang='lat' dir='ltr'>mox</span> <span class='ocrx_word' id='word_1_63' title='bbox 1724 578 1951 616; x_wconf 71' lang='lat' dir='ltr'>decer-[orate</span> 
     </span>
     <span class='ocr_line' id='line_1_7' title="bbox 235 636 1947 686; baseline 0.001 -12"><span class='ocrx_word' id='word_1_64' title='bbox 235 644 522 686; x_wconf 77' lang='lat' dir='ltr'>apparuerunt.</span> <span class='ocrx_word' id='word_1_65' title='bbox 558 636 610 673; x_wconf 90' lang='lat' dir='ltr'>Et</span> <span class='ocrx_word' id='word_1_66' title='bbox 643 636 719 673; x_wconf 80' lang='lat' dir='ltr'>ista</span> <span class='ocrx_word' id='word_1_67' title='bbox 751 636 871 673; x_wconf 81' lang='lat' dir='ltr'>etiam</span> <span class='ocrx_word' id='word_1_68' title='bbox 907 636 1070 673; x_wconf 73' lang='lat' dir='ltr'>barones</span> <span class='ocrx_word' id='word_1_69' title='bbox 1103 636 1171 686; x_wconf 79' lang='lat' dir='ltr'>qui</span> <span class='ocrx_word' id='word_1_70' title='bbox 1204 650 1293 673; x_wconf 86' lang='lat' dir='ltr'>cum</span> <span class='ocrx_word' id='word_1_71' title='bbox 1325 650 1367 673; x_wconf 90' lang='lat' dir='ltr'>eo</span> <span class='ocrx_word' id='word_1_72' title='bbox 1400 644 1511 674; x_wconf 88' lang='lat' dir='ltr'>erant</span> <span class='ocrx_word' id='word_1_73' title='bbox 1542 636 1740 686; x_wconf 76' lang='lat' dir='ltr'>testificati</span> <span class='ocrx_word' id='word_1_74' title='bbox 1772 637 1947 686; x_wconf 73' lang='lat' dir='ltr'>fuerunt.</span> 
     </span>
     <span class='ocr_line' id='line_1_8' title="bbox 236 695 1947 746; baseline 0.001 -13"><span class='ocrx_word' id='word_1_75' title='bbox 236 695 364 733; x_wconf 89' lang='lat' dir='ltr'>Paulo</span> <span class='ocrx_word' id='word_1_76' title='bbox 386 704 494 746; x_wconf 88' lang='lat' dir='ltr'>post,</span> <span class='ocrx_word' id='word_1_77' title='bbox 516 703 549 733; x_wconf 88' lang='lat' dir='ltr'>et</span> <span class='ocrx_word' id='word_1_78' title='bbox 570 703 647 733; x_wconf 86' lang='lat' dir='ltr'>tota</span> <span class='ocrx_word' id='word_1_79' title='bbox 667 696 801 745; x_wconf 81' lang='lat' dir='ltr'>patria</span> <span class='ocrx_word' id='word_1_80' title='bbox 823 695 993 745; x_wconf 75' lang='lat' dir='ltr'>firmam.</span> <span class='ocrx_word' id='word_1_81' title='bbox 1021 695 1167 745; x_wconf 87' lang='lat' dir='ltr'>Itaque</span> <span class='ocrx_word' id='word_1_82' title='bbox 1189 695 1373 733; x_wconf 81' lang='lat' dir='ltr'>Clemens</span> <span class='ocrx_word' id='word_1_83' title='bbox 1395 695 1453 732; x_wconf 86' lang='lat' dir='ltr'>VI</span> <span class='ocrx_word' id='word_1_84' title='bbox 1475 710 1568 734; x_wconf 87' lang='lat' dir='ltr'>eum</span> <span class='ocrx_word' id='word_1_85' title='bbox 1589 696 1761 734; x_wconf 86' lang='lat' dir='ltr'>tandem</span> <span class='ocrx_word' id='word_1_86' title='bbox 1783 697 1947 734; x_wconf 89' lang='lat' dir='ltr'>canoni-</span> 
     </span>
     <span class='ocr_line' id='line_1_9' title="bbox 235 754 1947 806; baseline 0.001 -14"><span class='ocrx_word' id='word_1_87' title='bbox 235 755 360 802; x_wconf 76' lang='lat' dir='ltr'>zavit,</span> <span class='ocrx_word' id='word_1_88' title='bbox 376 763 423 792; x_wconf 86' lang='lat' dir='ltr'>ut</span> <span class='ocrx_word' id='word_1_89' title='bbox 442 754 580 793; x_wconf 88' lang='lat' dir='ltr'>videre</span> <span class='ocrx_word' id='word_1_90' title='bbox 599 754 720 793; x_wconf 91' lang='lat' dir='ltr'>estin</span> <span class='ocrx_word' id='word_1_91' title='bbox 739 754 883 793; x_wconf 87' lang='lat' dir='ltr'>eodem</span> <span class='ocrx_word' id='word_1_92' title='bbox 900 762 1016 792; x_wconf 87' lang='lat' dir='ltr'>tomo</span> <span class='ocrx_word' id='word_1_93' title='bbox 1036 762 1184 804; x_wconf 84' lang='lat' dir='ltr'>quarto</span> <span class='ocrx_word' id='word_1_94' title='bbox 1202 754 1488 802; x_wconf 87' lang='lat' dir='ltr'>Bollandiano,</span> <span class='ocrx_word' id='word_1_95' title='bbox 1503 769 1542 805; x_wconf 90' lang='lat' dir='ltr'>p.</span> <span class='ocrx_word' id='word_1_96' title='bbox 1558 754 1634 793; x_wconf 83' lang='lat'>579</span> <span class='ocrx_word' id='word_1_97' title='bbox 1653 763 1694 793; x_wconf 91' lang='lat' dir='ltr'>et</span> <span class='ocrx_word' id='word_1_98' title='bbox 1712 755 1823 806; x_wconf 87' lang='lat' dir='ltr'>apud</span> <span class='ocrx_word' id='word_1_99' title='bbox 1839 755 1947 794; x_wconf 88' lang='lat' dir='ltr'>Odo-</span> 
     </span>
     <span class='ocr_line' id='line_1_10' title="bbox 233 813 1946 865; baseline 0.001 -14"><span class='ocrx_word' id='word_1_100' title='bbox 233 815 363 852; x_wconf 84' lang='lat' dir='ltr'>ricum</span> <span class='ocrx_word' id='word_1_101' title='bbox 393 814 673 863; x_wconf 80' lang='lat' dir='ltr'>Raynaldum,</span> <span class='ocrx_word' id='word_1_102' title='bbox 701 828 766 852; x_wconf 86' lang='lat' dir='ltr'>an.</span> <span class='ocrx_word' id='word_1_103' title='bbox 797 813 912 861; x_wconf 85' lang='lat'>1347,</span> <span class='ocrx_word' id='word_1_104' title='bbox 946 813 962 861; x_wconf 66' lang='grc' dir='ltr'>ἓ</span> <span class='ocrx_word' id='word_1_105' title='bbox 989 813 1051 852; x_wconf 82' lang='grc'>40.</span> <span class='ocrx_word' id='word_1_106' title='bbox 1083 813 1239 852; x_wconf 78' lang='lat' dir='ltr'>Deinde</span> <span class='ocrx_word' id='word_1_107' title='bbox 1266 828 1375 851; x_wconf 89' lang='lat' dir='ltr'>anno</span> <span class='ocrx_word' id='word_1_108' title='bbox 1402 814 1727 852; x_wconf 81' lang='lat' dir='ltr'>MCCCXLVIII</span> <span class='ocrx_word' id='word_1_109' title='bbox 1755 815 1946 865; x_wconf 86' lang='lat' dir='ltr'>episcopo</span> 
     </span>
     <span class='ocr_line' id='line_1_11' title="bbox 234 873 1949 924; baseline 0.001 -14"><span class='ocrx_word' id='word_1_110' title='bbox 234 873 470 912; x_wconf 87' lang='lat' dir='ltr'>Trecorensi</span> <span class='ocrx_word' id='word_1_111' title='bbox 499 881 547 911; x_wconf 87' lang='lat' dir='ltr'>ut</span> <span class='ocrx_word' id='word_1_112' title='bbox 577 887 722 924; x_wconf 87' lang='lat' dir='ltr'>corpus</span> <span class='ocrx_word' id='word_1_113' title='bbox 753 874 886 911; x_wconf 85' lang='lat' dir='ltr'>sancti</span> <span class='ocrx_word' id='word_1_114' title='bbox 917 873 1074 911; x_wconf 80' lang='lat' dir='ltr'>Yvonis</span> <span class='ocrx_word' id='word_1_115' title='bbox 1103 873 1145 911; x_wconf 84' lang='lat' dir='ltr'>in</span> <span class='ocrx_word' id='word_1_116' title='bbox 1173 874 1310 911; x_wconf 87' lang='lat' dir='ltr'>locum</span> <span class='ocrx_word' id='word_1_117' title='bbox 1351 873 1663 912; x_wconf 75' lang='lat' dir='ltr'>eminentiorem</span> <span class='ocrx_word' id='word_1_118' title='bbox 1704 874 1949 912; x_wconf 74' lang='lat' dir='ltr'><strong>transferret</strong></span> 
     </span>
     <span class='ocr_line' id='line_1_12' title="bbox 232 931 1946 983; baseline 0 -13"><span class='ocrx_word' id='word_1_119' title='bbox 232 934 436 983; x_wconf 78' lang='lat' dir='ltr'>permisit;</span> <span class='ocrx_word' id='word_1_120' title='bbox 473 933 614 981; x_wconf 84' lang='lat' dir='ltr'>Bzov.,</span> <span class='ocrx_word' id='word_1_121' title='bbox 653 947 717 971; x_wconf 91' lang='lat' dir='ltr'>an.</span> <span class='ocrx_word' id='word_1_122' title='bbox 757 932 872 980; x_wconf 79' lang='lat'>1348,</span> <span class='ocrx_word' id='word_1_123' title='bbox 916 932 933 981; x_wconf 64' lang='grc' dir='ltr'><strong>ἓ</strong></span> <span class='ocrx_word' id='word_1_124' title='bbox 969 932 1031 970; x_wconf 80' lang='grc'>29.</span> <span class='ocrx_word' id='word_1_125' title='bbox 1062 931 1258 970; x_wconf 73' lang='lat' dir='ltr'>Testatur</span> <span class='ocrx_word' id='word_1_126' title='bbox 1294 940 1435 971; x_wconf 89' lang='lat' dir='ltr'>autem</span> <span class='ocrx_word' id='word_1_127' title='bbox 1480 933 1746 971; x_wconf 75' lang='lat' dir='ltr'>continuator</span> <span class='ocrx_word' id='word_1_128' title='bbox 1783 933 1946 983; x_wconf 82' lang='lat' dir='ltr'>Nangii,</span> 
     </span>
     <span class='ocr_line' id='line_1_13' title="bbox 233 991 1946 1042; baseline 0.001 -13"><span class='ocrx_word' id='word_1_129' title='bbox 233 1000 260 1030; x_wconf 89' lang='lat' dir='ltr'>t.</span> <span class='ocrx_word' id='word_1_130' title='bbox 288 1007 329 1039; x_wconf 89' lang='grc'>11,</span> <span class='ocrx_word' id='word_1_131' title='bbox 356 1007 394 1042; x_wconf 89' lang='lat' dir='ltr'>p.</span> <span class='ocrx_word' id='word_1_132' title='bbox 422 991 510 1039; x_wconf 81' lang='grc'>216,</span> <span class='ocrx_word' id='word_1_133' title='bbox 531 992 618 1041; x_wconf 86' lang='lat' dir='ltr'>ejus</span> <span class='ocrx_word' id='word_1_134' title='bbox 646 1006 791 1042; x_wconf 88' lang='lat' dir='ltr'>corpus</span> <span class='ocrx_word' id='word_1_135' title='bbox 819 1006 927 1030; x_wconf 88' lang='lat' dir='ltr'>anno</span> <span class='ocrx_word' id='word_1_136' title='bbox 954 991 1143 1042; x_wconf 78' lang='lat' dir='ltr'>sequenti</span> <span class='ocrx_word' id='word_1_137' title='bbox 1167 1006 1189 1029; x_wconf 92' lang='lat' dir='ltr'>a</span> <span class='ocrx_word' id='word_1_138' title='bbox 1214 992 1409 1042; x_wconf 87' lang='lat' dir='ltr'>praelatis</span> <span class='ocrx_word' id='word_1_139' title='bbox 1436 1000 1477 1030; x_wconf 90' lang='lat' dir='ltr'>et</span> <span class='ocrx_word' id='word_1_140' title='bbox 1503 992 1607 1030; x_wconf 90' lang='lat' dir='ltr'>clero</span> <span class='ocrx_word' id='word_1_141' title='bbox 1630 992 1869 1030; x_wconf 72' lang='lat' dir='ltr'>Britanniae</span> <span class='ocrx_word' id='word_1_142' title='bbox 1897 993 1946 1031; x_wconf 86' lang='lat' dir='ltr'>de</span> 
     </span>
     <span class='ocr_line' id='line_1_14' title="bbox 232 1051 1947 1100; baseline 0.001 -12"><span class='ocrx_word' id='word_1_143' title='bbox 232 1059 340 1089; x_wconf 84' lang='lat' dir='ltr'>terra</span> <span class='ocrx_word' id='word_1_144' title='bbox 372 1052 594 1099; x_wconf 74' lang='lat' dir='ltr'>elevatum,</span> <span class='ocrx_word' id='word_1_145' title='bbox 625 1059 666 1089; x_wconf 88' lang='lat' dir='ltr'>et</span> <span class='ocrx_word' id='word_1_146' title='bbox 696 1051 909 1090; x_wconf 87' lang='lat' dir='ltr'>ecclesiam</span> <span class='ocrx_word' id='word_1_147' title='bbox 929 1051 1026 1100; x_wconf 29' lang='lat' dir='ltr'>,ejus</span> <span class='ocrx_word' id='word_1_148' title='bbox 1052 1051 1222 1089; x_wconf 87' lang='lat' dir='ltr'>nomine</span> <span class='ocrx_word' id='word_1_149' title='bbox 1253 1051 1416 1089; x_wconf 89' lang='lat' dir='ltr'>Parisiis</span> <span class='ocrx_word' id='word_1_150' title='bbox 1445 1051 1488 1088; x_wconf 89' lang='lat' dir='ltr'>in</span> <span class='ocrx_word' id='word_1_151' title='bbox 1517 1051 1608 1089; x_wconf 88' lang='lat' dir='ltr'>vico</span> <span class='ocrx_word' id='word_1_152' title='bbox 1635 1052 1775 1090; x_wconf 79' lang='lat' dir='ltr'>Sancti</span> <span class='ocrx_word' id='word_1_153' title='bbox 1800 1052 1947 1090; x_wconf 82' lang='lat' dir='ltr'>Jacobi</span> 
     </span>
     <span class='ocr_line' id='line_1_15' title="bbox 231 1110 1946 1161; baseline 0 -13"><span class='ocrx_word' id='word_1_154' title='bbox 231 1111 471 1148; x_wconf 73' lang='lat' dir='ltr'>inchoatam</span> <span class='ocrx_word' id='word_1_155' title='bbox 499 1111 691 1161; x_wconf 84' lang='lat' dir='ltr'>primitus</span> <span class='ocrx_word' id='word_1_156' title='bbox 722 1119 763 1149; x_wconf 86' lang='lat' dir='ltr'>et</span> <span class='ocrx_word' id='word_1_157' title='bbox 792 1110 1025 1149; x_wconf 83' lang='lat' dir='ltr'>fundatam.</span> <span class='ocrx_word' id='word_1_158' title='bbox 1058 1110 1160 1149; x_wconf 83' lang='lat' dir='ltr'>Vide</span> <span class='ocrx_word' id='word_1_159' title='bbox 1190 1110 1484 1160; x_wconf 79' lang='lat' dir='ltr'>VVaddingum,</span> <span class='ocrx_word' id='word_1_160' title='bbox 1514 1125 1579 1149; x_wconf 87' lang='lat' dir='ltr'>an.</span> <span class='ocrx_word' id='word_1_161' title='bbox 1613 1111 1727 1159; x_wconf 80' lang='grc'>1347,</span> <span class='ocrx_word' id='word_1_162' title='bbox 1764 1111 1781 1159; x_wconf 78' lang='lat'>§</span> <span class='ocrx_word' id='word_1_163' title='bbox 1813 1111 1873 1152; x_wconf 88' lang='lat'>14.</span> <span class='ocrx_word' id='word_1_164' title='bbox 1905 1119 1946 1149; x_wconf 84' lang='lat' dir='ltr'>et</span> 
     </span>
     <span class='ocr_line' id='line_1_16' title="bbox 234 1169 1014 1220; baseline 0.001 -13"><span class='ocrx_word' id='word_1_165' title='bbox 234 1185 298 1207; x_wconf 87' lang='lat' dir='ltr'>an.</span> <span class='ocrx_word' id='word_1_166' title='bbox 326 1170 440 1216; x_wconf 90' lang='grc'>1351,</span> <span class='ocrx_word' id='word_1_167' title='bbox 470 1170 486 1218; x_wconf 63' lang='grc' dir='ltr'>ἓ</span> <span class='ocrx_word' id='word_1_168' title='bbox 511 1170 560 1208; x_wconf 85' lang='grc'>10</span> <span class='ocrx_word' id='word_1_169' title='bbox 583 1169 629 1219; x_wconf 80' lang='lat' dir='ltr'>[t.</span> <span class='ocrx_word' id='word_1_170' title='bbox 655 1184 739 1217; x_wconf 86' lang='lat' dir='ltr'>v111,</span> <span class='ocrx_word' id='word_1_171' title='bbox 762 1185 800 1220; x_wconf 88' lang='lat' dir='ltr'>p.</span> <span class='ocrx_word' id='word_1_172' title='bbox 825 1170 849 1208; x_wconf 89' lang='lat'>8</span> <span class='ocrx_word' id='word_1_173' title='bbox 872 1178 913 1208; x_wconf 87' lang='lat' dir='ltr'>et</span> <span class='ocrx_word' id='word_1_174' title='bbox 935 1170 1014 1219; x_wconf 81' lang='grc'>56).</span> 
     </span>
    </p>

    <p class='ocr_par' dir='ltr' id='par_1_3' title="bbox 233 1229 1945 1338">
     <span class='ocr_line' id='line_1_17' title="bbox 287 1229 1945 1279; baseline 0 -13"><span class='ocrx_word' id='word_1_175' title='bbox 287 1230 329 1268; x_wconf 87' lang='lat' dir='ltr'>P.</span> <span class='ocrx_word' id='word_1_176' title='bbox 363 1229 452 1277; x_wconf 85' lang='grc'>251,</span> <span class='ocrx_word' id='word_1_177' title='bbox 484 1229 551 1279; x_wconf 81' lang='lat' dir='ltr'>lig.</span> <span class='ocrx_word' id='word_1_178' title='bbox 587 1230 620 1268; x_wconf 89' lang='lat'>1.</span> <span class='ocrx_word' id='word_1_179' title='bbox 655 1230 825 1267; x_wconf 81' lang='lat' dir='ltr'><strong>LINGUA</strong></span> <span class='ocrx_word' id='word_1_180' title='bbox 858 1229 1090 1268; x_wconf 82' lang='lat' dir='ltr'>OCCITANA.</span> <span class='ocrx_word' id='word_1_181' title='bbox 1124 1229 1221 1267; x_wconf 82' lang='lat' dir='ltr'>Voir</span> <span class='ocrx_word' id='word_1_182' title='bbox 1251 1229 1430 1266; x_wconf 76' lang='lat' dir='ltr'>Histoire</span> <span class='ocrx_word' id='word_1_183' title='bbox 1461 1230 1505 1267; x_wconf 90' lang='lat' dir='ltr'>de</span> <span class='ocrx_word' id='word_1_184' title='bbox 1539 1229 1790 1278; x_wconf 81' lang='lat' dir='ltr'>Languedoc,</span> <span class='ocrx_word' id='word_1_185' title='bbox 1830 1238 1859 1268; x_wconf 89' lang='lat' dir='ltr'>t.</span> <span class='ocrx_word' id='word_1_186' title='bbox 1886 1244 1945 1277; x_wconf 82' lang='lat' dir='ltr'>ix,</span> 
     </span>
     <span class='ocr_line' id='line_1_18' title="bbox 233 1288 488 1338; baseline 0.004 -12"><span class='ocrx_word' id='word_1_187' title='bbox 233 1303 270 1338; x_wconf 87' lang='lat' dir='ltr'>p.</span> <span class='ocrx_word' id='word_1_188' title='bbox 303 1288 488 1327; x_wconf 71' lang='lat'>608-610.</span> 
     </span>
    </p>

    <p class='ocr_par' dir='ltr' id='par_1_4' title="bbox 233 1347 1955 2050">
     <span class='ocr_line' id='line_1_19' title="bbox 288 1347 1947 1398; baseline 0 -13"><span class='ocrx_word' id='word_1_189' title='bbox 288 1348 330 1386; x_wconf 82' lang='lat' dir='ltr'>P.</span> <span class='ocrx_word' id='word_1_190' title='bbox 351 1348 440 1396; x_wconf 87' lang='grc'>251,</span> <span class='ocrx_word' id='word_1_191' title='bbox 459 1348 526 1398; x_wconf 80' lang='lat' dir='ltr'>lig.</span> <span class='ocrx_word' id='word_1_192' title='bbox 547 1347 583 1386; x_wconf 83' lang='lat'>9.</span> <span class='ocrx_word' id='word_1_193' title='bbox 604 1348 893 1386; x_wconf 82' lang='lat' dir='ltr'>MORTALITAS.</span> <span class='ocrx_word' id='word_1_194' title='bbox 911 1348 1013 1386; x_wconf 84' lang='lat' dir='ltr'>Vide</span> <span class='ocrx_word' id='word_1_195' title='bbox 1031 1348 1248 1386; x_wconf 87' lang='lat' dir='ltr'>Albertum</span> <span class='ocrx_word' id='word_1_196' title='bbox 1265 1347 1621 1397; x_wconf 79' lang='lat' dir='ltr'>Argentinensem,</span> <span class='ocrx_word' id='word_1_197' title='bbox 1635 1362 1673 1398; x_wconf 90' lang='lat' dir='ltr'>p.</span> <span class='ocrx_word' id='word_1_198' title='bbox 1689 1347 1784 1393; x_wconf 78' lang='lat'>2633</span> <span class='ocrx_word' id='word_1_199' title='bbox 1801 1348 1947 1386; x_wconf 88' lang='lat' dir='ltr'>Henri-</span> 
     </span>
     <span class='ocr_line' id='line_1_20' title="bbox 235 1406 1948 1457; baseline 0 -13"><span class='ocrx_word' id='word_1_200' title='bbox 235 1421 327 1444; x_wconf 86' lang='lat' dir='ltr'>cum</span> <span class='ocrx_word' id='word_1_201' title='bbox 362 1407 650 1451; x_wconf 79' lang='lat' dir='ltr'>Hebdorffium</span> <span class='ocrx_word' id='word_1_202' title='bbox 682 1407 734 1445; x_wconf 88' lang='lat' dir='ltr'>ad</span> <span class='ocrx_word' id='word_1_203' title='bbox 767 1421 832 1446; x_wconf 88' lang='lat' dir='ltr'>an.</span> <span class='ocrx_word' id='word_1_204' title='bbox 869 1407 971 1445; x_wconf 83' lang='lat'>1348</span> <span class='ocrx_word' id='word_1_205' title='bbox 1013 1406 1068 1457; x_wconf 90' lang='lat' dir='ltr'>[p.</span> <span class='ocrx_word' id='word_1_206' title='bbox 1103 1406 1225 1457; x_wconf 80' lang='grc'>560];</span> <span class='ocrx_word' id='word_1_207' title='bbox 1269 1406 1603 1445; x_wconf 83' lang='lat' dir='ltr'>continuatorem</span> <span class='ocrx_word' id='word_1_208' title='bbox 1636 1407 1800 1457; x_wconf 81' lang='lat' dir='ltr'>Nangii,</span> <span class='ocrx_word' id='word_1_209' title='bbox 1842 1416 1871 1445; x_wconf 86' lang='lat' dir='ltr'>t.</span> <span class='ocrx_word' id='word_1_210' title='bbox 1906 1422 1948 1454; x_wconf 83' lang='lat'>11,</span> 
     </span>
     <span class='ocr_line' id='line_1_21' title="bbox 233 1465 1948 1516; baseline 0 -12"><span class='ocrx_word' id='word_1_211' title='bbox 233 1481 272 1516; x_wconf 87' lang='lat' dir='ltr'>p.</span> <span class='ocrx_word' id='word_1_212' title='bbox 307 1466 499 1513; x_wconf 75' lang='lat'>210-2143</span> <span class='ocrx_word' id='word_1_213' title='bbox 531 1467 757 1504; x_wconf 74' lang='lat' dir='ltr'>Historiam</span> <span class='ocrx_word' id='word_1_214' title='bbox 788 1466 1076 1514; x_wconf 74' lang='lat' dir='ltr'>Cortusiorum,</span> <span class='ocrx_word' id='word_1_215' title='bbox 1108 1466 1177 1505; x_wconf 86' lang='lat' dir='ltr'>lib.</span> <span class='ocrx_word' id='word_1_216' title='bbox 1208 1466 1282 1514; x_wconf 80' lang='lat' dir='ltr'>IX,</span> <span class='ocrx_word' id='word_1_217' title='bbox 1313 1480 1401 1516; x_wconf 89' lang='lat' dir='ltr'>cap.</span> <span class='ocrx_word' id='word_1_218' title='bbox 1435 1481 1508 1504; x_wconf 81' lang='lat' dir='ltr'>xiv</span> <span class='ocrx_word' id='word_1_219' title='bbox 1540 1465 1774 1516; x_wconf 59' lang='lat' dir='ltr'>muratori,</span> <span class='ocrx_word' id='word_1_220' title='bbox 1812 1475 1841 1506; x_wconf 86' lang='lat' dir='ltr'>t.</span> <span class='ocrx_word' id='word_1_221' title='bbox 1876 1481 1948 1514; x_wconf 74' lang='lat' dir='ltr'>xn,</span> 
     </span>
     <span class='ocr_line' id='line_1_22' title="bbox 235 1524 1948 1576; baseline 0 -13"><span class='ocrx_word' id='word_1_222' title='bbox 235 1526 308 1564; x_wconf 92' lang='lat' dir='ltr'>col.</span> <span class='ocrx_word' id='word_1_223' title='bbox 337 1525 458 1576; x_wconf 77' lang='grc'>926];</span> <span class='ocrx_word' id='word_1_224' title='bbox 486 1526 748 1564; x_wconf 83' lang='lat' dir='ltr'>Matthaeum</span> <span class='ocrx_word' id='word_1_225' title='bbox 773 1526 937 1573; x_wconf 55' lang='lat' dir='ltr'>villan„</span> <span class='ocrx_word' id='word_1_226' title='bbox 963 1526 1032 1564; x_wconf 89' lang='lat' dir='ltr'>lib.</span> <span class='ocrx_word' id='word_1_227' title='bbox 1064 1526 1094 1573; x_wconf 87' lang='grc' dir='ltr'>Ι,</span> <span class='ocrx_word' id='word_1_228' title='bbox 1121 1540 1208 1576; x_wconf 90' lang='lat' dir='ltr'>cap.</span> <span class='ocrx_word' id='word_1_229' title='bbox 1242 1540 1270 1563; x_wconf 89' lang='lat'>11</span> <span class='ocrx_word' id='word_1_230' title='bbox 1305 1524 1537 1575; x_wconf 89' lang='lat' dir='ltr'>[Muratori,</span> <span class='ocrx_word' id='word_1_231' title='bbox 1571 1534 1600 1564; x_wconf 89' lang='lat' dir='ltr'>t.</span> <span class='ocrx_word' id='word_1_232' title='bbox 1629 1540 1715 1573; x_wconf 81' lang='lat' dir='ltr'>XIV,</span> <span class='ocrx_word' id='word_1_233' title='bbox 1750 1526 1824 1565; x_wconf 88' lang='lat' dir='ltr'>col.</span> <span class='ocrx_word' id='word_1_234' title='bbox 1854 1525 1948 1576; x_wconf 84' lang='lat'>12];</span> 
     </span>
     <span class='ocr_line' id='line_1_23' title="bbox 236 1584 1951 1636; baseline 0 -14"><span class='ocrx_word' id='word_1_235' title='bbox 236 1584 468 1623; x_wconf 85' lang='lat' dir='ltr'>Guidonem</span> <span class='ocrx_word' id='word_1_236' title='bbox 493 1585 541 1623; x_wconf 91' lang='lat' dir='ltr'>de</span> <span class='ocrx_word' id='word_1_237' title='bbox 566 1585 800 1632; x_wconf 84' lang='lat' dir='ltr'>Chauliaco,</span> <span class='ocrx_word' id='word_1_238' title='bbox 825 1593 1011 1623; x_wconf 87' lang='lat' dir='ltr'>tractatu</span> <span class='ocrx_word' id='word_1_239' title='bbox 1039 1585 1092 1633; x_wconf 90' lang='lat' dir='ltr'>II,</span> <span class='ocrx_word' id='word_1_240' title='bbox 1118 1585 1247 1623; x_wconf 85' lang='lat' dir='ltr'>doctr.</span> <span class='ocrx_word' id='word_1_241' title='bbox 1278 1585 1331 1632; x_wconf 84' lang='lat' dir='ltr'>II,</span> <span class='ocrx_word' id='word_1_242' title='bbox 1357 1598 1444 1635; x_wconf 89' lang='lat' dir='ltr'>cap.</span> <span class='ocrx_word' id='word_1_243' title='bbox 1472 1599 1515 1632; x_wconf 91' lang='lat' dir='ltr'>v;</span> <span class='ocrx_word' id='word_1_244' title='bbox 1541 1593 1582 1623; x_wconf 87' lang='lat' dir='ltr'>et</span> <span class='ocrx_word' id='word_1_245' title='bbox 1608 1585 1877 1636; x_wconf 80' lang='lat' dir='ltr'>Radulphum</span> <span class='ocrx_word' id='word_1_246' title='bbox 1902 1585 1951 1623; x_wconf 88' lang='lat' dir='ltr'>de</span> 
     </span>
     <span class='ocr_line' id='line_1_24' title="bbox 238 1644 1950 1695; baseline 0.002 -15"><span class='ocrx_word' id='word_1_247' title='bbox 238 1644 358 1691; x_wconf 82' lang='lat' dir='ltr'>Rivo,</span> <span class='ocrx_word' id='word_1_248' title='bbox 383 1659 470 1695; x_wconf 82' lang='lat' dir='ltr'>cap.</span> <span class='ocrx_word' id='word_1_249' title='bbox 493 1659 549 1691; x_wconf 89' lang='grc'>111,</span> <span class='ocrx_word' id='word_1_250' title='bbox 567 1645 627 1682; x_wconf 89' lang='lat' dir='ltr'>De</span> <span class='ocrx_word' id='word_1_251' title='bbox 651 1644 769 1692; x_wconf 75' lang='lat' dir='ltr'>gestis</span> <span class='ocrx_word' id='word_1_252' title='bbox 790 1644 1029 1694; x_wconf 80' lang='lat' dir='ltr'>pontificum</span> <span class='ocrx_word' id='word_1_253' title='bbox 1042 1644 1335 1683; x_wconf 77' lang='lat' dir='ltr'>Leodiensium.</span> <span class='ocrx_word' id='word_1_254' title='bbox 1362 1644 1421 1682; x_wconf 92' lang='lat' dir='ltr'>De</span> <span class='ocrx_word' id='word_1_255' title='bbox 1449 1644 1526 1682; x_wconf 87' lang='lat' dir='ltr'>hac</span> <span class='ocrx_word' id='word_1_256' title='bbox 1555 1652 1669 1694; x_wconf 83' lang='lat' dir='ltr'>peste</span> <span class='ocrx_word' id='word_1_257' title='bbox 1701 1652 1820 1683; x_wconf 81' lang='lat' dir='ltr'>extat</span> <span class='ocrx_word' id='word_1_258' title='bbox 1848 1644 1950 1694; x_wconf 88' lang='lat' dir='ltr'>epis-</span> 
     </span>
     <span class='ocr_line' id='line_1_25' title="bbox 236 1703 1951 1753; baseline 0 -13"><span class='ocrx_word' id='word_1_259' title='bbox 236 1704 321 1741; x_wconf 86' lang='lat' dir='ltr'>tola</span> <span class='ocrx_word' id='word_1_260' title='bbox 344 1704 590 1742; x_wconf 88' lang='lat' dir='ltr'>Petrarchae</span> <span class='ocrx_word' id='word_1_261' title='bbox 611 1704 663 1741; x_wconf 90' lang='lat' dir='ltr'>ad</span> <span class='ocrx_word' id='word_1_262' title='bbox 685 1703 922 1751; x_wconf 87' lang='lat' dir='ltr'>Geraldum,</span> <span class='ocrx_word' id='word_1_263' title='bbox 944 1717 1186 1753; x_wconf 85' lang='lat' dir='ltr'>germanum</span> <span class='ocrx_word' id='word_1_264' title='bbox 1206 1718 1340 1751; x_wconf 90' lang='lat' dir='ltr'>suum,</span> <span class='ocrx_word' id='word_1_265' title='bbox 1361 1704 1613 1741; x_wconf 88' lang='lat' dir='ltr'>monachum</span> <span class='ocrx_word' id='word_1_266' title='bbox 1634 1703 1951 1751; x_wconf 85' lang='lat' dir='ltr'>Cartusiensem,</span> 
     </span>
     <span class='ocr_line' id='line_1_26' title="bbox 237 1762 1952 1813; baseline 0.001 -14"><span class='ocrx_word' id='word_1_267' title='bbox 237 1762 305 1801; x_wconf 80' lang='lat' dir='ltr'>lib.</span> <span class='ocrx_word' id='word_1_268' title='bbox 331 1762 430 1799; x_wconf 76' lang='lat' dir='ltr'>XVI</span> <span class='ocrx_word' id='word_1_269' title='bbox 452 1763 540 1802; x_wconf 86' lang='lat' dir='ltr'>Rer.</span> <span class='ocrx_word' id='word_1_270' title='bbox 562 1763 773 1812; x_wconf 61' lang='lat' dir='ltr'>familiar„</span> <span class='ocrx_word' id='word_1_271' title='bbox 796 1763 913 1813; x_wconf 81' lang='lat' dir='ltr'>epist.</span> <span class='ocrx_word' id='word_1_272' title='bbox 934 1777 961 1811; x_wconf 91' lang='lat'>1,</span> <span class='ocrx_word' id='word_1_273' title='bbox 983 1763 1025 1800; x_wconf 90' lang='lat' dir='ltr'>in</span> <span class='ocrx_word' id='word_1_274' title='bbox 1047 1777 1127 1812; x_wconf 88' lang='lat' dir='ltr'>qua</span> <span class='ocrx_word' id='word_1_275' title='bbox 1149 1777 1242 1801; x_wconf 87' lang='lat' dir='ltr'>eum</span> <span class='ocrx_word' id='word_1_276' title='bbox 1261 1763 1408 1801; x_wconf 81' lang='lat' dir='ltr'>laudat</span> <span class='ocrx_word' id='word_1_277' title='bbox 1438 1763 1548 1812; x_wconf 89' lang='lat' dir='ltr'>quod</span> <span class='ocrx_word' id='word_1_278' title='bbox 1574 1763 1716 1801; x_wconf 84' lang='lat' dir='ltr'>ceteris</span> <span class='ocrx_word' id='word_1_279' title='bbox 1739 1763 1952 1801; x_wconf 89' lang='lat' dir='ltr'>monachis</span> 
     </span>
     <span class='ocr_line' id='line_1_27' title="bbox 238 1822 1953 1872; baseline 0 -13"><span class='ocrx_word' id='word_1_280' title='bbox 238 1835 283 1859; x_wconf 92' lang='lat' dir='ltr'>ac</span> <span class='ocrx_word' id='word_1_281' title='bbox 315 1822 448 1871; x_wconf 85' lang='lat' dir='ltr'>priore</span> <span class='ocrx_word' id='word_1_282' title='bbox 478 1822 566 1872; x_wconf 90' lang='lat' dir='ltr'>ipso</span> <span class='ocrx_word' id='word_1_283' title='bbox 599 1822 905 1860; x_wconf 81' lang='lat' dir='ltr'>discedentibus</span> <span class='ocrx_word' id='word_1_284' title='bbox 937 1830 1011 1860; x_wconf 89' lang='lat' dir='ltr'>aut</span> <span class='ocrx_word' id='word_1_285' title='bbox 1042 1822 1248 1860; x_wconf 83' lang='lat' dir='ltr'>discedere</span> <span class='ocrx_word' id='word_1_286' title='bbox 1277 1822 1514 1860; x_wconf 90' lang='lat' dir='ltr'>volentibus</span> <span class='ocrx_word' id='word_1_287' title='bbox 1555 1837 1574 1860; x_wconf 94' lang='grc'>6</span> <span class='ocrx_word' id='word_1_288' title='bbox 1610 1822 1861 1861; x_wconf 88' lang='lat' dir='ltr'>monasterio</span> <span class='ocrx_word' id='word_1_289' title='bbox 1901 1822 1953 1859; x_wconf 91' lang='lat' dir='ltr'>ad</span> 
     </span>
     <span class='ocr_line' id='line_1_28' title="bbox 239 1881 1953 1932; baseline 0.001 -15"><span class='ocrx_word' id='word_1_290' title='bbox 239 1881 457 1918; x_wconf 76' lang='lat' dir='ltr'>vitandam</span> <span class='ocrx_word' id='word_1_291' title='bbox 474 1889 664 1929; x_wconf 84' lang='lat' dir='ltr'>mortem,</span> <span class='ocrx_word' id='word_1_292' title='bbox 681 1881 767 1932; x_wconf 87' lang='lat' dir='ltr'>ipse</span> <span class='ocrx_word' id='word_1_293' title='bbox 783 1881 825 1919; x_wconf 88' lang='lat' dir='ltr'>in</span> <span class='ocrx_word' id='word_1_294' title='bbox 842 1881 1021 1920; x_wconf 87' lang='lat' dir='ltr'>statione</span> <span class='ocrx_word' id='word_1_295' title='bbox 1038 1896 1208 1919; x_wconf 86' lang='lat' dir='ltr'>manens</span> <span class='ocrx_word' id='word_1_296' title='bbox 1226 1882 1403 1931; x_wconf 81' lang='lat' dir='ltr'>aegrotis</span> <span class='ocrx_word' id='word_1_297' title='bbox 1420 1895 1541 1932; x_wconf 92' lang='lat' dir='ltr'>opem</span> <span class='ocrx_word' id='word_1_298' title='bbox 1567 1895 1685 1919; x_wconf 89' lang='lat' dir='ltr'>suam</span> <span class='ocrx_word' id='word_1_299' title='bbox 1701 1881 1953 1932; x_wconf 87' lang='lat' dir='ltr'>praebuerit,</span> 
     </span>
     <span class='ocr_line' id='line_1_29' title="bbox 239 1940 1955 1991; baseline 0.001 -15"><span class='ocrx_word' id='word_1_300' title='bbox 239 1948 423 1978; x_wconf 86' lang='lat' dir='ltr'>mortuos</span> <span class='ocrx_word' id='word_1_301' title='bbox 452 1940 668 1991; x_wconf 87' lang='lat' dir='ltr'>sepelierit,</span> <span class='ocrx_word' id='word_1_302' title='bbox 697 1941 804 1979; x_wconf 92' lang='lat' dir='ltr'>solus</span> <span class='ocrx_word' id='word_1_303' title='bbox 832 1941 874 1978; x_wconf 89' lang='lat' dir='ltr'>in</span> <span class='ocrx_word' id='word_1_304' title='bbox 901 1940 1151 1979; x_wconf 88' lang='lat' dir='ltr'>monasterio</span> <span class='ocrx_word' id='word_1_305' title='bbox 1178 1955 1394 1979; x_wconf 87' lang='lat' dir='ltr'>remanens</span> <span class='ocrx_word' id='word_1_306' title='bbox 1422 1949 1628 1991; x_wconf 87' lang='lat' dir='ltr'>superstes</span> <span class='ocrx_word' id='word_1_307' title='bbox 1656 1941 1827 1991; x_wconf 81' lang='lat' dir='ltr'>triginta</span> <span class='ocrx_word' id='word_1_308' title='bbox 1856 1954 1955 1990; x_wconf 81' lang='lat' dir='ltr'>qua-</span> 
     </span>
     <span class='ocr_line' id='line_1_30' title="bbox 239 1999 1201 2050; baseline 0.002 -14"><span class='ocrx_word' id='word_1_309' title='bbox 239 2007 333 2037; x_wconf 82' lang='lat' dir='ltr'>tuor</span> <span class='ocrx_word' id='word_1_310' title='bbox 356 2000 554 2038; x_wconf 85' lang='lat' dir='ltr'>fratribus</span> <span class='ocrx_word' id='word_1_311' title='bbox 576 2000 685 2038; x_wconf 88' lang='lat' dir='ltr'>intra</span> <span class='ocrx_word' id='word_1_312' title='bbox 708 2014 861 2050; x_wconf 84' lang='lat' dir='ltr'>paucos</span> <span class='ocrx_word' id='word_1_313' title='bbox 886 1999 970 2038; x_wconf 90' lang='lat' dir='ltr'>dies</span> <span class='ocrx_word' id='word_1_314' title='bbox 994 2000 1201 2038; x_wconf 83' lang='lat' dir='ltr'>extinctis.</span> 
     </span>
    </p>

    <p class='ocr_par' dir='ltr' id='par_1_5' title="bbox 240 2059 1954 2690">
     <span class='ocr_line' id='line_1_31' title="bbox 295 2059 1954 2109; baseline 0 -13"><span class='ocrx_word' id='word_1_315' title='bbox 295 2059 353 2096; x_wconf 88' lang='lat' dir='ltr'>De</span> <span class='ocrx_word' id='word_1_316' title='bbox 369 2059 445 2097; x_wconf 91' lang='lat' dir='ltr'>hac</span> <span class='ocrx_word' id='word_1_317' title='bbox 461 2059 718 2098; x_wconf 86' lang='lat' dir='ltr'>mortalitate</span> <span class='ocrx_word' id='word_1_318' title='bbox 734 2074 803 2097; x_wconf 87' lang='lat' dir='ltr'>seu</span> <span class='ocrx_word' id='word_1_319' title='bbox 815 2067 930 2109; x_wconf 88' lang='lat' dir='ltr'>peste</span> <span class='ocrx_word' id='word_1_320' title='bbox 943 2073 1065 2108; x_wconf 79' lang='lat' dir='ltr'>agens</span> <span class='ocrx_word' id='word_1_321' title='bbox 1080 2059 1260 2097; x_wconf 85' lang='lat' dir='ltr'>Joannes</span> <span class='ocrx_word' id='word_1_322' title='bbox 1274 2059 1322 2097; x_wconf 87' lang='lat' dir='ltr'>de</span> <span class='ocrx_word' id='word_1_323' title='bbox 1340 2059 1585 2109; x_wconf 85' lang='lat' dir='ltr'>Rupescissa</span> <span class='ocrx_word' id='word_1_324' title='bbox 1600 2059 1642 2096; x_wconf 88' lang='lat' dir='ltr'>in</span> <span class='ocrx_word' id='word_1_325' title='bbox 1657 2059 1954 2099; x_wconf 86' lang='lat' dir='ltr'>commentario</span> 
     </span>
     <span class='ocr_line' id='line_1_32' title="bbox 240 2116 1954 2169; baseline 0.001 -15"><span class='ocrx_word' id='word_1_326' title='bbox 240 2131 361 2167; x_wconf 83' lang='lat' dir='ltr'>super</span> <span class='ocrx_word' id='word_1_327' title='bbox 386 2118 650 2168; x_wconf 79' lang='lat' dir='ltr'>prophetiam</span> <span class='ocrx_word' id='word_1_328' title='bbox 676 2118 814 2168; x_wconf 81' lang='lat' dir='ltr'>Cyrilli</span> <span class='ocrx_word' id='word_1_329' title='bbox 840 2118 1035 2157; x_wconf 86' lang='lat' dir='ltr'>eremitae</span> <span class='ocrx_word' id='word_1_330' title='bbox 1061 2118 1293 2169; x_wconf 83' lang='lat' dir='ltr'>presbyteri</span> <span class='ocrx_word' id='word_1_331' title='bbox 1323 2118 1365 2156; x_wconf 88' lang='lat' dir='ltr'>in</span> <span class='ocrx_word' id='word_1_332' title='bbox 1387 2118 1524 2157; x_wconf 91' lang='lat' dir='ltr'>codice</span> <span class='ocrx_word' id='word_1_333' title='bbox 1550 2116 1656 2156; x_wconf 82' lang='grc'>5695</span> <span class='ocrx_word' id='word_1_334' title='bbox 1679 2118 1954 2156; x_wconf 84' lang='lat' dir='ltr'>bibliothecae</span> 
     </span>
     <span class='ocr_line' id='line_1_33' title="bbox 241 2177 1950 2228; baseline 0 -14"><span class='ocrx_word' id='word_1_335' title='bbox 241 2177 373 2226; x_wconf 80' lang='lat' dir='ltr'>regiae</span> <span class='ocrx_word' id='word_1_336' title='bbox 393 2179 420 2225; x_wconf 70' lang='lat'>²,</span> <span class='ocrx_word' id='word_1_337' title='bbox 450 2177 518 2216; x_wconf 85' lang='lat' dir='ltr'>fol.</span> <span class='ocrx_word' id='word_1_338' title='bbox 546 2177 619 2215; x_wconf 85' lang='grc'>167</span> <span class='ocrx_word' id='word_1_339' title='bbox 634 2184 692 2226; x_wconf 88' lang='lat' dir='ltr'>v0,</span> <span class='ocrx_word' id='word_1_340' title='bbox 716 2178 776 2215; x_wconf 89' lang='lat' dir='ltr'>ita</span> <span class='ocrx_word' id='word_1_341' title='bbox 800 2178 943 2216; x_wconf 86' lang='lat' dir='ltr'>scribit</span> <span class='ocrx_word' id='word_1_342' title='bbox 968 2194 975 2216; x_wconf 87' lang='lat'>:</span> <span class='ocrx_word' id='word_1_343' title='bbox 1002 2177 1108 2215; x_wconf 86' lang='lat' dir='ltr'>Nota</span> <span class='ocrx_word' id='word_1_344' title='bbox 1131 2178 1233 2228; x_wconf 79' lang='lat' dir='ltr'>quod</span> <span class='ocrx_word' id='word_1_345' title='bbox 1254 2192 1360 2215; x_wconf 87' lang='lat' dir='ltr'>anno</span> <span class='ocrx_word' id='word_1_346' title='bbox 1380 2177 1548 2215; x_wconf 87' lang='lat' dir='ltr'>Domini</span> <span class='ocrx_word' id='word_1_347' title='bbox 1580 2177 1950 2225; x_wconf 87' lang='lat' dir='ltr'><em>MCCCXLVIII,</em></span> 
     </span>
     <span class='ocr_line' id='line_1_34' title="bbox 243 2236 1952 2287; baseline 0 -14"><span class='ocrx_word' id='word_1_348' title='bbox 243 2237 310 2285; x_wconf 83' lang='lat' dir='ltr'>qui</span> <span class='ocrx_word' id='word_1_349' title='bbox 330 2245 384 2273; x_wconf 75' lang='lat' dir='ltr'>est</span> <span class='ocrx_word' id='word_1_350' title='bbox 404 2251 537 2274; x_wconf 81' lang='lat' dir='ltr'>annus</span> <span class='ocrx_word' id='word_1_351' title='bbox 557 2237 678 2287; x_wconf 80' lang='lat' dir='ltr'>pestis</span> <span class='ocrx_word' id='word_1_352' title='bbox 699 2251 840 2286; x_wconf 79' lang='lat' dir='ltr'>magne</span> <span class='ocrx_word' id='word_1_353' title='bbox 862 2237 916 2274; x_wconf 82' lang='lat' dir='ltr'>ire</span> <span class='ocrx_word' id='word_1_354' title='bbox 933 2237 1023 2285; x_wconf 81' lang='lat' dir='ltr'>Dei,</span> <span class='ocrx_word' id='word_1_355' title='bbox 1040 2236 1122 2275; x_wconf 67' lang='lat' dir='ltr'>vidi</span> <span class='ocrx_word' id='word_1_356' title='bbox 1137 2251 1267 2275; x_wconf 85' lang='lat' dir='ltr'>coram</span> <span class='ocrx_word' id='word_1_357' title='bbox 1287 2251 1346 2275; x_wconf 92' lang='lat' dir='ltr'>me</span> <span class='ocrx_word' id='word_1_358' title='bbox 1366 2237 1561 2287; x_wconf 78' lang='lat' dir='ltr'>quoddam</span> <span class='ocrx_word' id='word_1_359' title='bbox 1582 2251 1705 2286; x_wconf 79' lang='lat' dir='ltr'>genus</span> <span class='ocrx_word' id='word_1_360' title='bbox 1726 2251 1952 2274; x_wconf 73' lang='lat' dir='ltr'>muscarum</span> 
     </span>
     <span class='ocr_line' id='line_1_35' title="bbox 243 2295 1953 2346; baseline 0 -14"><span class='ocrx_word' id='word_1_361' title='bbox 243 2295 473 2334; x_wconf 71' lang='lat' dir='ltr'>habentium</span> <span class='ocrx_word' id='word_1_362' title='bbox 498 2296 619 2334; x_wconf 78' lang='lat' dir='ltr'>tibias</span> <span class='ocrx_word' id='word_1_363' title='bbox 645 2297 784 2345; x_wconf 79' lang='lat' dir='ltr'>longas</span> <span class='ocrx_word' id='word_1_364' title='bbox 809 2296 911 2334; x_wconf 72' lang='lat' dir='ltr'>velut</span> <span class='ocrx_word' id='word_1_365' title='bbox 935 2311 1078 2334; x_wconf 86' lang='lat' dir='ltr'>aranee</span> <span class='ocrx_word' id='word_1_366' title='bbox 1103 2305 1137 2334; x_wconf 87' lang='lat' dir='ltr'>et</span> <span class='ocrx_word' id='word_1_367' title='bbox 1160 2297 1292 2334; x_wconf 88' lang='lat' dir='ltr'>eodem</span> <span class='ocrx_word' id='word_1_368' title='bbox 1317 2297 1429 2334; x_wconf 92' lang='lat' dir='ltr'>modo</span> <span class='ocrx_word' id='word_1_369' title='bbox 1453 2296 1636 2346; x_wconf 76' lang='lat' dir='ltr'>plicatas,</span> <span class='ocrx_word' id='word_1_370' title='bbox 1663 2296 1763 2334; x_wconf 81' lang='lat' dir='ltr'>duas</span> <span class='ocrx_word' id='word_1_371' title='bbox 1789 2295 1893 2342; x_wconf 83' lang='lat' dir='ltr'>hinc,</span> <span class='ocrx_word' id='word_1_372' title='bbox 1920 2303 1953 2332; x_wconf 82' lang='lat' dir='ltr'>et</span> 
     </span>
     <span class='ocr_line' id='line_1_36' title="bbox 244 2354 1953 2404; baseline 0.001 -13"><span class='ocrx_word' id='word_1_373' title='bbox 244 2354 344 2391; x_wconf 74' lang='lat' dir='ltr'>duas</span> <span class='ocrx_word' id='word_1_374' title='bbox 368 2355 469 2403; x_wconf 77' lang='lat' dir='ltr'>inde,</span> <span class='ocrx_word' id='word_1_375' title='bbox 488 2364 523 2393; x_wconf 84' lang='lat' dir='ltr'>et</span> <span class='ocrx_word' id='word_1_376' title='bbox 545 2370 668 2393; x_wconf 84' lang='lat' dir='ltr'>unam</span> <span class='ocrx_word' id='word_1_377' title='bbox 691 2356 734 2393; x_wconf 87' lang='lat' dir='ltr'>in</span> <span class='ocrx_word' id='word_1_378' title='bbox 756 2355 946 2403; x_wconf 68' lang='lat' dir='ltr'>verticem,</span> <span class='ocrx_word' id='word_1_379' title='bbox 962 2364 995 2393; x_wconf 89' lang='lat' dir='ltr'>et</span> <span class='ocrx_word' id='word_1_380' title='bbox 1018 2370 1141 2393; x_wconf 88' lang='lat' dir='ltr'>unam</span> <span class='ocrx_word' id='word_1_381' title='bbox 1162 2363 1313 2394; x_wconf 84' lang='lat' dir='ltr'>curtam</span> <span class='ocrx_word' id='word_1_382' title='bbox 1334 2363 1497 2393; x_wconf 83' lang='lat' dir='ltr'>erectam</span> <span class='ocrx_word' id='word_1_383' title='bbox 1519 2369 1695 2404; x_wconf 71' lang='lat' dir='ltr'>grossam</span> <span class='ocrx_word' id='word_1_384' title='bbox 1716 2363 1857 2393; x_wconf 85' lang='lat' dir='ltr'>rectam</span> <span class='ocrx_word' id='word_1_385' title='bbox 1879 2354 1953 2392; x_wconf 78' lang='lat' dir='ltr'>sub</span> 
     </span>
     <span class='ocr_line' id='line_1_37' title="bbox 245 2414 1954 2465; baseline 0 -15"><span class='ocrx_word' id='word_1_386' title='bbox 245 2422 383 2452; x_wconf 72' lang='lat' dir='ltr'>ventre.</span> <span class='ocrx_word' id='word_1_387' title='bbox 402 2415 453 2452; x_wconf 89' lang='lat' dir='ltr'>Et</span> <span class='ocrx_word' id='word_1_388' title='bbox 469 2415 625 2465; x_wconf 77' lang='lat' dir='ltr'>quando</span> <span class='ocrx_word' id='word_1_389' title='bbox 642 2430 666 2452; x_wconf 89' lang='lat' dir='ltr'>a</span> <span class='ocrx_word' id='word_1_390' title='bbox 682 2415 812 2452; x_wconf 68' lang='lat' dir='ltr'>volatu</span> <span class='ocrx_word' id='word_1_391' title='bbox 829 2415 1079 2465; x_wconf 78' lang='lat' dir='ltr'>quiescebant</span> <span class='ocrx_word' id='word_1_392' title='bbox 1096 2415 1138 2452; x_wconf 93' lang='lat' dir='ltr'>in</span> <span class='ocrx_word' id='word_1_393' title='bbox 1154 2423 1268 2463; x_wconf 90' lang='lat' dir='ltr'>terra,</span> <span class='ocrx_word' id='word_1_394' title='bbox 1285 2429 1364 2452; x_wconf 89' lang='lat' dir='ltr'>non</span> <span class='ocrx_word' id='word_1_395' title='bbox 1379 2422 1558 2465; x_wconf 84' lang='lat' dir='ltr'>poterant</span> <span class='ocrx_word' id='word_1_396' title='bbox 1572 2428 1612 2452; x_wconf 72' lang='lat' dir='ltr'>se</span> <span class='ocrx_word' id='word_1_397' title='bbox 1630 2414 1673 2451; x_wconf 86' lang='lat' dir='ltr'>in</span> <span class='ocrx_word' id='word_1_398' title='bbox 1690 2414 1772 2452; x_wconf 78' lang='lat' dir='ltr'>illis</span> <span class='ocrx_word' id='word_1_399' title='bbox 1789 2422 1954 2464; x_wconf 83' lang='lat' dir='ltr'>quatuor</span> 
     </span>
     <span class='ocr_line' id='line_1_38' title="bbox 244 2472 1953 2523; baseline 0.001 -14"><span class='ocrx_word' id='word_1_400' title='bbox 244 2473 461 2521; x_wconf 73' lang='lat' dir='ltr'>subtilibus</span> <span class='ocrx_word' id='word_1_401' title='bbox 481 2474 572 2511; x_wconf 76' lang='lat' dir='ltr'>altis</span> <span class='ocrx_word' id='word_1_402' title='bbox 593 2482 627 2512; x_wconf 87' lang='lat' dir='ltr'>et</span> <span class='ocrx_word' id='word_1_403' title='bbox 646 2472 776 2523; x_wconf 78' lang='lat' dir='ltr'>longis</span> <span class='ocrx_word' id='word_1_404' title='bbox 797 2474 909 2512; x_wconf 73' lang='lat' dir='ltr'>tibiis</span> <span class='ocrx_word' id='word_1_405' title='bbox 928 2474 1138 2522; x_wconf 54' lang='lat' dir='ltr'>sustinere·</span> <span class='ocrx_word' id='word_1_406' title='bbox 1157 2475 1225 2512; x_wconf 79' lang='lat' dir='ltr'>sed</span> <span class='ocrx_word' id='word_1_407' title='bbox 1243 2474 1448 2512; x_wconf 72' lang='lat' dir='ltr'>eoeistentes</span> <span class='ocrx_word' id='word_1_408' title='bbox 1470 2473 1512 2511; x_wconf 87' lang='lat' dir='ltr'>in</span> <span class='ocrx_word' id='word_1_409' title='bbox 1533 2473 1718 2511; x_wconf 86' lang='lat' dir='ltr'>continuo</span> <span class='ocrx_word' id='word_1_410' title='bbox 1746 2480 1852 2511; x_wconf 85' lang='lat' dir='ltr'>motu</span> <span class='ocrx_word' id='word_1_411' title='bbox 1879 2472 1953 2510; x_wconf 83' lang='lat' dir='ltr'>sub</span> 
     </span>
     <span class='ocr_line' id='line_1_39' title="bbox 248 2531 1954 2583; baseline 0.001 -15"><span class='ocrx_word' id='word_1_412' title='bbox 248 2532 337 2568; x_wconf 72' lang='lat' dir='ltr'>illas</span> <span class='ocrx_word' id='word_1_413' title='bbox 361 2533 499 2581; x_wconf 78' lang='lat' dir='ltr'>longas</span> <span class='ocrx_word' id='word_1_414' title='bbox 523 2533 644 2571; x_wconf 77' lang='lat' dir='ltr'>tibias</span> <span class='ocrx_word' id='word_1_415' title='bbox 667 2533 858 2571; x_wconf 80' lang='lat' dir='ltr'>cadebant</span> <span class='ocrx_word' id='word_1_416' title='bbox 879 2547 999 2583; x_wconf 80' lang='lat' dir='ltr'>super</span> <span class='ocrx_word' id='word_1_417' title='bbox 1023 2533 1134 2571; x_wconf 80' lang='lat' dir='ltr'>illam</span> <span class='ocrx_word' id='word_1_418' title='bbox 1157 2541 1308 2571; x_wconf 86' lang='lat' dir='ltr'>curtam</span> <span class='ocrx_word' id='word_1_419' title='bbox 1331 2533 1405 2570; x_wconf 82' lang='lat' dir='ltr'>sub</span> <span class='ocrx_word' id='word_1_420' title='bbox 1429 2541 1556 2571; x_wconf 68' lang='lat' dir='ltr'>ventre</span> <span class='ocrx_word' id='word_1_421' title='bbox 1578 2532 1782 2580; x_wconf 78' lang='lat' dir='ltr'>situatam,</span> <span class='ocrx_word' id='word_1_422' title='bbox 1806 2540 1841 2570; x_wconf 83' lang='lat' dir='ltr'>et</span> <span class='ocrx_word' id='word_1_423' title='bbox 1863 2531 1954 2569; x_wconf 86' lang='lat' dir='ltr'>inde</span> 
     </span>
     <span class='ocr_line' id='line_1_40' title="bbox 248 2591 1954 2642; baseline 0.001 -16"><span class='ocrx_word' id='word_1_424' title='bbox 248 2605 379 2628; x_wconf 62' lang='lat' dir='ltr'>versus</span> <span class='ocrx_word' id='word_1_425' title='bbox 416 2592 539 2630; x_wconf 80' lang='lat' dir='ltr'>celum</span> <span class='ocrx_word' id='word_1_426' title='bbox 575 2600 717 2630; x_wconf 88' lang='lat' dir='ltr'>conatu</span> <span class='ocrx_word' id='word_1_427' title='bbox 752 2592 962 2642; x_wconf 80' lang='lat' dir='ltr'>longarum</span> <span class='ocrx_word' id='word_1_428' title='bbox 998 2592 1190 2630; x_wconf 89' lang='lat' dir='ltr'>tibiarum</span> <span class='ocrx_word' id='word_1_429' title='bbox 1225 2592 1409 2642; x_wconf 76' lang='lat' dir='ltr'>protinus</span> <span class='ocrx_word' id='word_1_430' title='bbox 1454 2591 1698 2641; x_wconf 70' lang='lat' dir='ltr'>ferebantur5</span> <span class='ocrx_word' id='word_1_431' title='bbox 1733 2599 1768 2629; x_wconf 88' lang='lat' dir='ltr'>et</span> <span class='ocrx_word' id='word_1_432' title='bbox 1811 2591 1866 2629; x_wconf 88' lang='lat' dir='ltr'>ita</span> <span class='ocrx_word' id='word_1_433' title='bbox 1911 2591 1954 2628; x_wconf 86' lang='lat' dir='ltr'>in</span> 
     </span>
     <span class='ocr_line' id='line_1_41' title="bbox 249 2650 998 2690; baseline 0.004 -4"><span class='ocrx_word' id='word_1_434' title='bbox 249 2650 433 2688; x_wconf 71' lang='lat' dir='ltr'>continuo</span> <span class='ocrx_word' id='word_1_435' title='bbox 452 2659 557 2689; x_wconf 87' lang='lat' dir='ltr'>motu</span> <span class='ocrx_word' id='word_1_436' title='bbox 574 2660 608 2689; x_wconf 87' lang='lat' dir='ltr'>et</span> <span class='ocrx_word' id='word_1_437' title='bbox 625 2651 756 2689; x_wconf 83' lang='lat' dir='ltr'>labore</span> <span class='ocrx_word' id='word_1_438' title='bbox 774 2651 998 2690; x_wconf 88' lang='lat' dir='ltr'>manebant.</span> 
     </span>
    </p>

    <p class='ocr_par' dir='ltr' id='par_1_6' title="bbox 250 2709 1956 2878">
     <span class='ocr_line' id='line_1_42' title="bbox 303 2709 1953 2760; baseline 0 -14"><span class='ocrx_word' id='word_1_439' title='bbox 303 2710 345 2747; x_wconf 86' lang='lat' dir='ltr'>P.</span> <span class='ocrx_word' id='word_1_440' title='bbox 380 2710 469 2758; x_wconf 85' lang='grc'>251,</span> <span class='ocrx_word' id='word_1_441' title='bbox 500 2710 566 2760; x_wconf 82' lang='lat' dir='ltr'>lig.</span> <span class='ocrx_word' id='word_1_442' title='bbox 600 2710 661 2750; x_wconf 89' lang='lat'>28.</span> <span class='ocrx_word' id='word_1_443' title='bbox 696 2711 843 2750; x_wconf 86' lang='lat' dir='ltr'>JUDEI.</span> <span class='ocrx_word' id='word_1_444' title='bbox 879 2711 996 2749; x_wconf 87' lang='lat' dir='ltr'>Hanc</span> <span class='ocrx_word' id='word_1_445' title='bbox 1027 2710 1068 2748; x_wconf 90' lang='lat' dir='ltr'>in</span> <span class='ocrx_word' id='word_1_446' title='bbox 1101 2710 1281 2748; x_wconf 83' lang='lat' dir='ltr'>Judaeos</span> <span class='ocrx_word' id='word_1_447' title='bbox 1314 2724 1384 2748; x_wconf 89' lang='lat' dir='ltr'>seu</span> <span class='ocrx_word' id='word_1_448' title='bbox 1416 2709 1666 2754; x_wconf 85' lang='lat' dir='ltr'>calumniam</span> <span class='ocrx_word' id='word_1_449' title='bbox 1701 2724 1769 2748; x_wconf 90' lang='lat' dir='ltr'>seu</span> <span class='ocrx_word' id='word_1_450' title='bbox 1811 2717 1953 2747; x_wconf 85' lang='lat' dir='ltr'>contu-</span> 
     </span>
     <span class='ocr_line' id='line_1_43' title="bbox 250 2767 1956 2820; baseline 0 -15"><span class='ocrx_word' id='word_1_451' title='bbox 250 2768 413 2806; x_wconf 88' lang='lat' dir='ltr'>meliam</span> <span class='ocrx_word' id='word_1_452' title='bbox 433 2783 514 2807; x_wconf 87' lang='lat' dir='ltr'>non</span> <span class='ocrx_word' id='word_1_453' title='bbox 531 2770 630 2808; x_wconf 88' lang='lat' dir='ltr'>tulit</span> <span class='ocrx_word' id='word_1_454' title='bbox 647 2770 832 2808; x_wconf 89' lang='lat' dir='ltr'>Clemens</span> <span class='ocrx_word' id='word_1_455' title='bbox 850 2784 972 2820; x_wconf 89' lang='lat' dir='ltr'>papa.</span> <span class='ocrx_word' id='word_1_456' title='bbox 997 2770 1142 2819; x_wconf 88' lang='lat' dir='ltr'>Itaque</span> <span class='ocrx_word' id='word_1_457' title='bbox 1159 2769 1286 2807; x_wconf 90' lang='lat' dir='ltr'>literis</span> <span class='ocrx_word' id='word_1_458' title='bbox 1305 2769 1413 2807; x_wconf 87' lang='lat' dir='ltr'>datis</span> <span class='ocrx_word' id='word_1_459' title='bbox 1433 2783 1457 2806; x_wconf 91' lang='lat' dir='ltr'>v</span> <span class='ocrx_word' id='word_1_460' title='bbox 1477 2769 1556 2807; x_wconf 85' lang='lat' dir='ltr'>kal.</span> <span class='ocrx_word' id='word_1_461' title='bbox 1584 2768 1762 2806; x_wconf 86' lang='lat' dir='ltr'>octobris</span> <span class='ocrx_word' id='word_1_462' title='bbox 1783 2767 1848 2818; x_wconf 86' lang='lat'>[27</span> <span class='ocrx_word' id='word_1_463' title='bbox 1867 2782 1956 2818; x_wconf 89' lang='lat' dir='ltr'>sep-</span> 
     </span>
     <span class='ocr_line' id='line_1_44' title="bbox 250 2826 1956 2878; baseline 0.001 -16"><span class='ocrx_word' id='word_1_464' title='bbox 250 2827 431 2877; x_wconf 86' lang='lat' dir='ltr'>tembre]</span> <span class='ocrx_word' id='word_1_465' title='bbox 460 2829 597 2866; x_wconf 81' lang='lat' dir='ltr'>vetuit</span> <span class='ocrx_word' id='word_1_466' title='bbox 618 2843 667 2867; x_wconf 86' lang='lat' dir='ltr'>ne</span> <span class='ocrx_word' id='word_1_467' title='bbox 687 2828 1032 2876; x_wconf 87' lang='lat' dir='ltr'>interficerentur,</span> <span class='ocrx_word' id='word_1_468' title='bbox 1055 2843 1157 2867; x_wconf 86' lang='lat' dir='ltr'>neve</span> <span class='ocrx_word' id='word_1_469' title='bbox 1181 2829 1231 2866; x_wconf 91' lang='lat' dir='ltr'>ob</span> <span class='ocrx_word' id='word_1_470' title='bbox 1253 2828 1503 2878; x_wconf 84' lang='lat' dir='ltr'>suspiciones</span> <span class='ocrx_word' id='word_1_471' title='bbox 1532 2827 1621 2865; x_wconf 90' lang='lat' dir='ltr'>illas</span> <span class='ocrx_word' id='word_1_472' title='bbox 1643 2828 1748 2867; x_wconf 86' lang='lat' dir='ltr'>male</span> <span class='ocrx_word' id='word_1_473' title='bbox 1779 2841 1800 2865; x_wconf 86' lang='lat' dir='ltr'>a</span> <span class='ocrx_word' id='word_1_474' title='bbox 1824 2826 1956 2865; x_wconf 87' lang='lat' dir='ltr'>Chris·</span> 
     </span>
    </p>
   </div>
   <div class='ocr_carea' id='block_1_3' title="bbox 302 2968 1951 3066">
    <p class='ocr_par' dir='ltr' id='par_1_7' title="bbox 302 2968 1951 3066">
     <span class='ocr_line' id='line_1_45' title="bbox 302 2968 794 3010; baseline 0.008 -10"><span class='ocrx_word' id='word_1_475' title='bbox 302 2969 331 3000; x_wconf 77' lang='grc'>1.</span> <span class='ocrx_word' id='word_1_476' title='bbox 359 2968 425 3001; x_wconf 88' lang='lat' dir='ltr'>Ms.</span> <span class='ocrx_word' id='word_1_477' title='bbox 452 2970 535 3010; x_wconf 70' lang='lat' dir='ltr'>cite,</span> <span class='ocrx_word' id='word_1_478' title='bbox 561 2970 623 3003; x_wconf 78' lang='lat' dir='ltr'>fol.</span> <span class='ocrx_word' id='word_1_479' title='bbox 650 2971 718 3004; x_wconf 88' lang='grc'>530</span> <span class='ocrx_word' id='word_1_480' title='bbox 743 2975 794 3004; x_wconf 88' lang='lat' dir='ltr'>v0.</span> 
     </span>
     <span class='ocr_line' id='line_1_46' title="bbox 303 3021 1951 3066; baseline 0.001 -13"><span class='ocrx_word' id='word_1_481' title='bbox 303 3022 332 3053; x_wconf 74' lang='lat'>2.</span> <span class='ocrx_word' id='word_1_482' title='bbox 358 3022 397 3054; x_wconf 85' lang='lat' dir='ltr'>B.</span> <span class='ocrx_word' id='word_1_483' title='bbox 425 3022 480 3062; x_wconf 85' lang='lat' dir='ltr'>N.‚</span> <span class='ocrx_word' id='word_1_484' title='bbox 506 3034 572 3055; x_wconf 87' lang='lat' dir='ltr'>ms.</span> <span class='ocrx_word' id='word_1_485' title='bbox 596 3023 690 3056; x_wconf 86' lang='lat' dir='ltr'>latin</span> <span class='ocrx_word' id='word_1_486' title='bbox 714 3023 817 3056; x_wconf 77' lang='lat'>2599.</span> <span class='ocrx_word' id='word_1_487' title='bbox 840 3042 889 3046; x_wconf 86' lang='lat'>——</span> <span class='ocrx_word' id='word_1_488' title='bbox 910 3023 980 3056; x_wconf 88' lang='lat' dir='ltr'>Sur</span> <span class='ocrx_word' id='word_1_489' title='bbox 1000 3023 1036 3056; x_wconf 88' lang='lat' dir='ltr'>la</span> <span class='ocrx_word' id='word_1_490' title='bbox 1058 3030 1173 3066; x_wconf 81' lang='lat' dir='ltr'>peste,</span> <span class='ocrx_word' id='word_1_491' title='bbox 1198 3022 1279 3056; x_wconf 90' lang='lat' dir='ltr'>voir</span> <span class='ocrx_word' id='word_1_492' title='bbox 1299 3023 1368 3055; x_wconf 80' lang='lat' dir='ltr'>Les</span> <span class='ocrx_word' id='word_1_493' title='bbox 1388 3033 1503 3066; x_wconf 71' lang='lat' dir='ltr'>pape-9</span> <span class='ocrx_word' id='word_1_494' title='bbox 1524 3022 1746 3065; x_wconf 76' lang='lat' dir='ltr'>d’Avignon,</span> <span class='ocrx_word' id='word_1_495' title='bbox 1770 3033 1805 3065; x_wconf 91' lang='lat' dir='ltr'>p.</span> <span class='ocrx_word' id='word_1_496' title='bbox 1829 3021 1951 3062; x_wconf 79' lang='grc'>80-81,</span> 
     </span>
    </p>
   </div>
   <div class='ocr_carea' id='block_1_4' title="bbox 254 3073 1954 3169">
    <p class='ocr_par' dir='ltr' id='par_1_8' title="bbox 254 3073 1954 3169">
     <span class='ocr_line' id='line_1_47' title="bbox 254 3073 1954 3119; baseline 0.002 -15"><span class='ocrx_word' id='word_1_497' title='bbox 254 3073 339 3113; x_wconf 75' lang='grc'>414;</span> <span class='ocrx_word' id='word_1_498' title='bbox 362 3074 394 3106; x_wconf 79' lang='lat' dir='ltr'>la</span> <span class='ocrx_word' id='word_1_499' title='bbox 416 3076 618 3118; x_wconf 65' lang='lat' dir='ltr'>chronique</span> <span class='ocrx_word' id='word_1_500' title='bbox 640 3077 683 3108; x_wconf 79' lang='lat' dir='ltr'>dc</span> <span class='ocrx_word' id='word_1_501' title='bbox 706 3076 922 3119; x_wconf 52' lang='lat' dir='ltr'>Ktmigsaal,</span> <span class='ocrx_word' id='word_1_502' title='bbox 937 3077 1029 3109; x_wconf 86' lang='lat' dir='ltr'>dans</span> <span class='ocrx_word' id='word_1_503' title='bbox 1046 3076 1179 3109; x_wconf 80' lang='lat' dir='ltr'>Fontes</span> <span class='ocrx_word' id='word_1_504' title='bbox 1197 3088 1317 3109; x_wconf 84' lang='lat' dir='ltr'>rerum</span> <span class='ocrx_word' id='word_1_505' title='bbox 1334 3075 1627 3115; x_wconf 79' lang='lat' dir='ltr'>Austriacarum,</span> <span class='ocrx_word' id='word_1_506' title='bbox 1649 3081 1675 3108; x_wconf 85' lang='lat' dir='ltr'>t.</span> <span class='ocrx_word' id='word_1_507' title='bbox 1698 3073 1790 3115; x_wconf 78' lang='lat' dir='ltr'>vn11,</span> <span class='ocrx_word' id='word_1_508' title='bbox 1811 3086 1845 3118; x_wconf 90' lang='lat' dir='ltr'>p.</span> <span class='ocrx_word' id='word_1_509' title='bbox 1868 3075 1954 3108; x_wconf 83' lang='lat'>595-</span> 
     </span>
     <span class='ocr_line' id='line_1_48' title="bbox 255 3126 1950 3169; baseline 0.001 -11"><span class='ocrx_word' id='word_1_510' title='bbox 255 3126 340 3162; x_wconf 74' lang='lat'>598:</span> <span class='ocrx_word' id='word_1_511' title='bbox 364 3127 751 3169; x_wconf 63' lang='lat' dir='ltr'>A]12:111e›s-Ch‹,·v.-1lior,</span> <span class='ocrx_word' id='word_1_512' title='bbox 782 3129 904 3163; x_wconf 76' lang='lat' dir='ltr'>Gallia</span> <span class='ocrx_word' id='word_1_513' title='bbox 924 3130 1124 3163; x_wconf 82' lang='lat' dir='ltr'>christiana</span> <span class='ocrx_word' id='word_1_514' title='bbox 1155 3129 1365 3168; x_wconf 73' lang='lat' dir='ltr'>novissima,</span> <span class='ocrx_word' id='word_1_515' title='bbox 1398 3135 1424 3162; x_wconf 88' lang='lat' dir='ltr'>t.</span> <span class='ocrx_word' id='word_1_516' title='bbox 1457 3140 1519 3168; x_wconf 85' lang='lat' dir='ltr'>vn,</span> <span class='ocrx_word' id='word_1_517' title='bbox 1543 3141 1578 3161; x_wconf 89' lang='lat' dir='ltr'>n.</span> <span class='ocrx_word' id='word_1_518' title='bbox 1602 3128 1821 3167; x_wconf 83' lang='lat'>1302-1304,</span> <span class='ocrx_word' id='word_1_519' title='bbox 1845 3128 1950 3161; x_wconf 80' lang='lat'>1310.</span> 
     </span>
    </p>
   </div>
  </div>
 </body>
</html>
