2083 3458
111 202 238 258 [807]
640 219 856 244 PAPARUM
892 217 1277 244 AVENIONENSIUM
1719 200 1798 243 311

99 308 212 339 trum
248 301 422 338 Paulum
457 301 505 338 de
542 300 734 339 Liazariis
771 302 980 340 doctorem
1016 302 1284 341 decretorum.
1324 302 1502 340 Joannes
1539 301 1724 340 Andreae
1761 301 1801 339 in

101 374 188 410 cap.
213 374 240 399 1.
262 360 321 397 De
344 374 414 398 rer.
440 368 605 409 permut.
622 359 663 397 in
689 360 824 398 Sexto:
848 361 1003 398 Paulus
1027 362 1070 398 de
1085 360 1228 410 Cospis
1251 361 1354 398 alias
1378 360 1582 399 Lazarini.·
1598 360 1801 410 Sigonius,

98 418 167 457 lib.
200 418 262 456 III
286 418 345 455 De
378 417 575 468 episcopis
600 418 856 466 Bononiens.‚
883 434 921 469 p.
952 419 1038 467 173,
1067 427 1361 458 commemorat
1396 419 1617 469 quemdam
1644 418 1801 456 Ciolum

101 477 343 524 Liazarium,
375 476 505 515 civem
532 477 844 516 Bononiensem.
875 478 1057 516 Historia
1085 478 1370 525 Cortusiorum‚
1400 478 1468 516 lib.
1504 478 1532 525 Ι,
1564 492 1650 527 cap.
1684 492 1800 525 xxlv,

106 536 276 585 Ugolino
295 536 339 573 de
359 535 541 573 Liazaris
560 536 604 573 cle
624 535 808 573 Bononia
839 536 1066 586 [Muratori‚
1086 545 1115 575 t.
1140 552 1210 583 ΧΠ,
1232 537 1305 575 col.
1329 536 1441 586 790].
1464 536 1564 574 Vide
1586 537 1801 575 Mantuam

101 594 385 632 Patavinum
375 609 416 632 in
440 594 622 644 Epitome
646 594 818 632 virorum
844 595 1071 643 illustrium,
1098 595 1164 634 fol.
1193 596 1267 633 166
1290 603 1337 634 10.

154 654 196 691 Ρ.
218 653 663 703 205,lig.2.JAc013Us
685 668 740 690 DE
759 654 1047 701 Bommoxmls,
1076 655 1123 692 de
1144 669 1223 704 quo
1251 654 1344 692 vide
1363 654 1552 692 eumdem
1573 655 1801 702 Mantuam,

100 711 168 751 fol.
195 712 256 751 48.
283 712 404 762 Apud
430 711 779 759 Ghirardaccfflm,
804 712 872 751 lib.
902 712 1029 750 XXII
1054 713 1159 751 Hist.
1187 713 1355 760 Borion„
1382 721 1410 752 t.
1436 728 1476 759 11,
1502 728 1539 763 p.
1568 713 1629 760 47,
1655 721 1803 751 extant

97 771 352 820 allegationes
385 770 537 808 domini
573 770 713 808 Jacobi
745 771 790 808 de
823 771 1069 820 Butrigariis
1101 786 1221 821 super
1251 780 1355 809 statu
1389 772 1539 810 domini
1577 771 1725 809 Taddei
1759 772 1803 809 de

99 829 303 880 Peppolis,
330 830 431 880 quod
456 829 737 879 impugnantes
763 829 914 867 domini
941 831 1063 868 nostri
1098 830 1376 869 conservatoris
1402 830 1570 880 officium
1598 845 1673 867 non
1699 830 1800 879 juri-

98 889 182 926 dice
204 889 346 927 dicant.

153 948 196 986 P.
217 947 305 995 205,
324 947 390 997 lig.
412 948 446 986 4.
469 948 735 986 NYCHOLAUS
757 962 811 984 DE
829 948 962 986 Lym.
984 948 1131 985 Inutile
1151 956 1256 986 esset
1274 948 1395 985 isthic
1415 962 1530 997 agere
1553 948 1600 986 de
1620 949 1694 986 hoc
1715 948 1802 985 viro

99 1020 222 1056 quem
254 1014 417 1044 constat
449 1021 533 1045 esse
566 1006 872 1045 celeberrimum
903 1006 944 1043 in
978 1006 1158 1044 Ecclesia
1193 1006 1278 1045 Dei.
1318 1007 1420 1044 Illud
1453 1015 1620 1044 tantuin
1652 1007 1799 1053 dicam,

98 1065 244 1103 obiisse
267 1080 361 1103 eum
383 1065 572 1104 Lutetiae
594 1079 701 1103 anno
725 1064 953 1112 MCCCXL‚
969 1073 1010 1103 et
1032 1066 1141 1114 apud
1164 1080 1256 1103 suos
1278 1065 1450 1103 Minores
1474 1066 1680 1115 sepultum
1703 1080 1799 1104 esse.

97 1124 317 1163 Tractatus
338 1124 424 1174 ejus
446 1125 493 1163 de
513 1124 668 1162 visione
689 1124 851 1162 divinae
872 1123 1070 1162 essentiae
1096 1124 1147 1162 ab
1168 1124 1382 1161 animabus
1411 1125 1563 1162 sanctis
1583 1138 1606 1162 a
1636 1139 1801 1173 corpore

97 1183 310 1233 separatis,
333 1183 402 1233 qui
421 1183 606 1221 nondum
625 1183 758 1221 editus
779 1191 853 1230 est,
874 1191 991 1221 extat
1011 1197 1104 1221 cum
1123 1182 1281 1232 aliquot
1301 1183 1387 1220 aliis
1409 1183 1591 1232 ejusdem
1613 1183 1801 1232 operibus

97 1241 140 1279 in
161 1242 297 1280 codice
318 1241 396 1279 149
417 1242 688 1280 bibliothecae
705 1242 961 1280 Colbertinae
977 1242 1002 1281 ¹.
1020 1241 1273 1291 VVaddingus
1296 1241 1336 1279 in
1350 1242 1452 1279 libro
1465 1242 1523 1279 De
1543 1242 1803 1291 scriptoribus

97 1301 251 1338 ordinis
279 1301 502 1348 llffinorum‚
529 1316 568 1351 p.
599 1301 687 1348 265,
715 1301 836 1339 affert
863 1300 1059 1339 humilem
1088 1300 1243 1338 Nicolai
1272 1300 1567 1339 confessionem
1594 1301 1801 1350 adjectam

97 1359 139 1397 in
162 1360 240 1398 fine
262 1359 651 1398 commentariorum
671 1374 838 1397 suorum
857 1359 899 1397 in
919 1374 1032 1397 sacra
1052 1359 1203 1405 Biblia3
1227 1373 1351 1409 quam
1373 1373 1464 1396 eum
1485 1374 1557 1408 ego
1577 1359 1801 1397 invenerim

98 1419 229 1457 multo
265 1419 473 1457 meliorem
514 1418 556 1457 in
600 1419 736 1457 codice
770 1417 875 1457 2184
908 1418 1181 1456 bibliothecae
1215 1418 1470 1456 Colbertinae
1490 1418 1516 1466 ²,
1554 1417 1641 1456 heic
1686 1418 1802 1456 edere

98 1478 233 1515 visum
249 1486 310 1516 est
326 1493 345 1516 e
362 1493 402 1516 re
418 1478 594 1528 publica.
615 1478 678 1516 Sic
694 1492 787 1527 ergo
803 1477 883 1515 illic
899 1477 1046 1527 legitur
1064 1493 1071 1514 :
1090 1477 1267 1527 Explicit
1282 1477 1440 1527 postilla
1455 1491 1574 1526 super
1588 1477 1803 1514 secundum

95 1537 245 1574 librum
266 1537 389 1574 Esdre
410 1545 444 1574 et
462 1551 582 1587 super
602 1537 722 1574 libros
745 1551 823 1574 non
844 1536 1052 1574 canonicos
1074 1536 1254 1600 magistri
1278 1536 1437 1573 Nicolai
1460 1536 1503 1573 de
1525 1536 1627 1584 Lyra
1650 1535 1802 1573 ordinis

93 1595 267 1660 fratrum
284 1596 507 1643 Minorum,
527 1596 594 1645 qui
611 1604 645 1633 et
658 1596 740 1633 Deo
760 1596 978 1645 gratiarum
996 1595 1166 1633 actiones
1186 1595 1225 1632 in
1247 1595 1325 1644 fine
1343 1603 1405 1632 toti
1415 1609 1460 1632 us
1477 1595 1570 1632 libri
1587 1609 1655 1631 seu
1673 1594 1802 1643 operis

98 1655 223 1692 reddit
247 1655 290 1692 in
312 1655 415 1692 hunc
438 1656 607 1694 modum.
634 1655 718 1704 Ego
743 1654 865 1703 igitur
889 1655 1037 1719 gratias
1060 1669 1134 1718 ago
1154 1654 1249 1701 Deo,
1275 1654 1341 1703 qui
1365 1653 1468 1691 dedit
1491 1653 1609 1690 millii
1635 1653 1803 1702 gratiam

94 1713 295 1751 scribendi
328 1715 544 1751 secundum
579 1714 780 1751 modulum
816 1713 970 1762 ingenii
1005 1713 1079 1750 mei
1113 1727 1232 1763 super
1266 1727 1398 1750 omnes
1432 1713 1553 1750 libros
1589 1713 1629 1749 in
1666 1712 1802 1749 Biblia

94 1780 305 1820 contentos,
325 1773 454 1822 primo
472 1787 592 1822 super
610 1773 698 1810 illos
717 1773 784 1822 qui
802 1781 895 1810 sunt
913 1773 957 1810 de
975 1786 1122 1810 canone
1143 1772 1370 1821 incipzendo
1389 1787 1410 1808 a
1438 1771 1576 1808 Genesi
1595 1779 1629 1808 et
1647 1785 1802 1820 percur-

95 1832 216 1869 rendo
240 1846 359 1881 usque
382 1832 434 1869 acl
457 1832 575 1881 finem
598 1832 878 1882 Apocalypsis,
902 1839 1035 1881 postea
1057 1845 1176 1881 super
1198 1831 1319 1868 libros
1344 1830 1430 1868 illos
1454 1830 1520 1879 qui
1545 1844 1621 1867 non
1645 1838 1737 1867 sunt
1760 1830 1804 1866 de

93 1904 245 1928 ¹canone
267 1890 494 1940 incipiendo
515 1906 538 1928 a
559 1890 659 1928 libro
683 1890 830 1928 leobie
850 1899 884 1928 et
904 1890 1150 1927 terminando
1172 1889 1215 1926 in
1236 1890 1335 1927 libro
1357 1889 1423 1939 qui
1446 1889 1588 1926 (licitur
1608 1889 1802 1926 secundus

98 1949 234 1996 Esdre,
271 1957 312 1987 ut
344 1950 401 1987 sic
435 1964 503 1999 per
536 1949 636 1987 hanc
670 1949 963 1987 destinctionem
997 1949 1188 1986 librorum
1222 1957 1255 1986 et
1289 1948 1573 1985 ordinationem
1610 1955 1802 1997 appareat

91 2008 350 2058 simplicibus
374 2008 440 2058 qui
465 2008 558 2046 libri
581 2009 663 2046 sint
685 2008 866 2046 canonici
889 2016 923 2046 et
947 2008 1013 2058 qui
1038 2022 1129 2055 non,
1154 2016 1188 2045 et
1211 2007 1277 2057 qui
1302 2007 1465 2056 majoris
1488 2006 1745 2051 auctoritatis,
1770 2013 1804 2043 et

98 2066 165 2116 qui
189 2065 367 2106 minoris.
394 2067 445 2105 Et
467 2067 654 2117 quoniam
677 2067 933 2117 probabiliter
957 2067 1070 2104 timeo
1094 2066 1289 2115 defecisse,
1315 2074 1396 2103 tum
1417 2074 1572 2115 propter
1604 2065 1801 2113 magnitu-

93 2125 230 2163 dinem
251 2126 393 2176 operis,
417 2134 498 2164 tum
519 2134 676 2176 propter
695 2126 855 2164 scientie
877 2140 955 2163 mee
976 2125 1220 2176 parvitatem,
1246 2125 1328 2162 ideo
1351 2126 1394 2161 de
1416 2124 1626 2173 defectibus
1648 2124 1802 2160 veniam

99 2185 264 2234 postulo,
293 2193 328 2222 et
355 2186 399 2222 de
426 2185 520 2223 aliis
548 2186 600 2223 ad
627 2185 873 2223 laudandum
897 2185 1027 2222 Deum
1056 2199 1203 2222 mecum
1233 2185 1397 2232 legentes
1427 2183 1561 2230 invito,
1592 2183 1802 2232 deprecans

94 2243 299 2281 humiliter
321 2252 355 2282 et
378 2245 504 2282 devote
531 2252 571 2282 ut
593 2244 703 2294 apud
722 2244 851 2281 Deum
876 2258 934 2281 me
957 2243 1075 2281 velint
1097 2243 1183 2280 suis
1206 2242 1453 2280 orationibus
1476 2241 1675 2290 adjuvare.

152 2303 194 2341 P.
233 2302 322 2349 205,
357 2302 423 2352 lig.
463 2303 496 2342 7.
529 2303 674 2341 ABBAs
712 2317 971 2341 MONASTERH
1009 2316 1108 2340 Novi
1146 2302 1452 2340 Pmmvmsffls.
1492 2299 1769 2347 Necrotogium
1786 2298 1801 2320 3

94 2360 284 2410 ejusdem
308 2361 547 2400 monasterii
570 2362 680 2410 novi,
704 2376 746 2399 ιν
771 2375 861 2400 ηοη.
886 2361 1069 2411 januarii
1089 2377 1096 2399 :
1118 2360 1323 2410 Depositio
1348 2358 1498 2396 domini
1527 2357 1734 2396 Guillermi
1758 2357 1801 2395 de

101 2419 416 2458 Montelauduno
443 2420 564 2470 hujus
591 2420 819 2458 monasterii
846 2420 1014 2459 abbatis.
1041 2420 1086 2457 In
1115 2419 1221 2458 calce
1251 2417 1398 2456 codicis
1427 2416 1503 2454 349
1530 2416 1801 2454 bibliothecae

99 2479 356 2517 Colbertinae
371 2479 387 2502 4
408 2479 463 2517 sic
483 2479 683 2530 scriptum
704 2487 766 2517 est
787 2495 795 2517 :
818 2478 995 2529 Explicit
1013 2477 1293 2516 sacramentale
1313 2476 1570 2526 compositum
1590 2489 1658 2525 per
1678 2474 1800 2511 dorni-

95 2551 196 2574 num
225 2537 485 2576 Guillermum
508 2539 551 2576 de
574 2538 890 2576 Montelauduno
914 2537 1148 2575 monachum
1170 2545 1203 2574 et
1225 2537 1412 2573 doctorem
1435 2533 1801 2576 e;zjcellentzfssirvzitni

101 2595 144 2633 in
170 2597 328 2634 decretis
353 2597 533 2634 abbatem
559 2597 825 2635 Pictavinum.
854 2595 1101 2635 Trithemius
1128 2595 1170 2632 in
1195 2594 1298 2632 libro
1321 2594 1380 2631 De
1405 2592 1664 2642 scriptoribus
1689 2592 1800 2629 eccle·

94 2654 273 2693 siasticis
298 2669 311 2693 .·
343 2655 588 2694 Guilhelmus
612 2656 657 2693 de
681 2655 1010 2702 Montelauduno,
1038 2662 1078 2692 ut
1101 2654 1243 2703 serunt,
1270 2653 1393 2690 abbas
1418 2651 1644 2689 monasterii
1670 2650 1800 2687 Picta-

94 2713 247 2751 ·viensis
271 2714 424 2752 ordinis
449 2714 531 2752 divi
555 2714 682 2764 patris
708 2714 921 2753 Benedicti.
951 2713 1142 2751 Nicolaus
1167 2711 1384 2749 Bertrandi
1409 2710 1450 2748 in
1475 2709 1577 2747 libro
1601 2710 1659 2746 De
1685 2709 1801 2758 gestis

103 2772 400 2821 Tdosanorum,
432 2773 499 2813 fol.
533 2773 582 2811 50
615 2789 622 2811 :
666 2773 926 2823 Temporibus
965 2785 1111 2821 quoque
1150 2769 1351 2807 Benedicti
1389 2784 1498 2819 papa
1536 2768 1630 2805 XII
1660 2767 1801 2816 legitur

151 2915 182 2948 1.
206 2915 246 2949 B.
273 2915 330 2955 N.,
355 2927 421 2948 ms.
445 2915 541 2948 latin
562 2914 667 2949 3359.

151 2968 182 3001 2.
204 2968 245 3001 B.
270 2968 327 3008 N.,
349 2980 416 3001 ms.
438 2968 534 3001 latin
553 2967 634 3008 360,
656 2967 718 3002 fol.
743 2968 811 3001 254
832 2971 882 3000 v0.

150 3021 182 3055 3.
206 3020 386 3054 Archives
410 3021 454 3054 de
476 3021 512 3054 la
534 3020 687 3062 Vienne,
714 3020 760 3060 H,
786 3021 865 3060 205,
889 3019 952 3053 fol.
976 3018 1046 3052 149
1069 3022 1119 3052 νο.

149 3073 171 3105 4
205 3073 245 3107 B.
270 3073 328 3113 N.,
349 3085 416 3106 ms.
438 3073 533 3106 latin
553 3073 657 3113 3204,
680 3073 742 3107 fol.
767 3073 809 3106 29
831 3077 881 3106 νο.
