2083 3458
278 218 363 262 392
929 243 1082 269 NOTAE
1116 244 1177 269 AD
1212 245 1339 271 V1TAs
1858 228 1985 284 [830]

277 321 529 372 imperatori,
553 325 664 374 apud
688 325 911 375 Arelatem,
935 336 982 365 ut
1006 328 1187 368 dicemus
1210 329 1252 367 in
1275 330 1393 368 Notis
1416 331 1468 368 ad
1490 346 1530 381 p.
1555 331 1643 369 356.
1672 330 1828 368 Deinde
1851 329 1986 394 fact-us.

274 388 336 418 est
369 382 605 431 patriarcha
642 385 1077 436 Hierosolymitanusl
1112 389 1216 427 circa
1251 389 1739 436 annum,MCCCLXXI,
1773 397 1820 426 ut
1854 388 1987 437 colligi

272 447 412 489 potest
438 455 488 479 ex
513 441 614 480 actis
640 444 760 494 litigii
787 446 896 495 quod
922 455 1092 497 propter
1117 448 1266 486 salinas
1301 449 1450 487 habuit
1476 464 1569 487 cum
1592 449 1750 488 civibus
1775 448 1986 512 Arelaten-

271 498 382 537 sibus
411 514 548 538 coram
576 502 699 541 Petro
725 504 931 543 cardinale
960 506 1211 555 Florentino,
1239 522 1361 558 quem
1389 508 1605 558 Gregorius
1634 509 1696 546 XI
1723 508 1778 546 eis
1803 507 1983 557 judicem

271 556 454 598 dederat.
492 560 650 599 Eadem
682 571 776 601 acta
824 564 974 603 docent
1006 565 1136 613 illum,
1172 567 1268 605 olim
1302 567 1655 618 archiepiscopum
1685 567 1983 630 Arelatensem‚

269 616 428 657 factum
448 634 533 657 esse
553 635 599 658 eo
618 629 804 672 tempore
829 623 1210 664 administratorem
1228 635 1477 677 perpetuum
1498 627 1702 665 Ecclesiae
1717 626 1980 690 Arelatenffls.

268 675 389 715 Anno
415 678 631 718 millesimo
659 681 923 721 CCCLXXII
960 683 1151 723 Nicolaus
1180 685 1396 736 Spinellus,
1423 687 1697 725 seneschallus
1725 686 1979 731 PPOVlnClae,

268 749 361 773 eum
384 736 436 774 ad
458 738 650 777 subsellia
673 755 746 778 sua
769 742 962 780 evocavit
981 758 1274 794 responsurum
1295 760 1417 795 super
1435 746 1686 795 quibusdam
1705 744 1848 783 castris
1868 743 1979 781 abla-

266 793 338 842 tis3
363 795 505 844 Bzov.,
529 812 595 837 an.
624 799 738 847 1372,
770 800 787 849 ἓ
811 801 874 840 34.
902 802 1059 841 Eodem
1090 817 1155 842 an.
1182 804 1411 843 Ademarus
1445 805 1494 843 de
1519 805 1715 855 Grignan,
1741 803 1980 841 domicellus

266 853 417 893 Montis
454 856 666 906 Draconis,
700 859 833 898 eidem
865 861 1125 911 patriarchae
1158 871 1201 901 et
1233 864 1561 902 administratori
1593 863 1977 927 praestitit-homa-

264 912 375 962 gium
410 922 614 965 tanquam
648 917 816 957 domino
850 921 1048 970 superiori
1084 922 1471 971 Montis-Draconis,
1506 932 1554 961 ut
1586 924 1629 961 in
1662 923 1846 960 Historza
1879 921 1977 959 Pro-

261 971 429 1022 vinciae,
447 989 486 1024 p.
507 975 596 1024 431,
615 977 757 1015 scribit
776 979 923 1017 Caesar
942 980 1257 1021 Nostradamus.
1275 983 1339 1020 Ex
1357 997 1438 1032 quo
1456 991 1567 1021 certo
1587 990 1705 1033 patet
1723 982 1871 1019 falsum
1891 994 1976 1045 ess-e

262 1031 431 1070 Saxium
459 1032 514 1084 [p.
538 1035 638 1086 324]
662 1045 884 1087 putantem
902 1039 1019 1077 illum
1041 1041 1188 1084 obiisse
1207 1056 1316 1080 anno
1334 1042 1630 1081 MCCCLXXI.
1650 1041 1823 1079 Facilius
1849 1039 1975 1078 credi-

261 1090 389 1129 derim
413 1094 645 1132 extinctum
670 1111 755 1135 esse
779 1112 888 1136 anno
925 1091 1248 1138 MCCCLXXIV
1282 1101 1386 1139 circa
1418 1116 1601 1140 mensem
1625 1101 1781 1139 maium
1803 1099 1830 1139 2.
1866 1099 1975 1164 Nam

259 1164 352 1188 cum
377 1166 427 1190 ex
451 1152 614 1202 Regesto
640 1155 798 1194 Urbani
823 1157 857 1194 V
883 1167 1046 1197 constet
1071 1160 1241 1199 Petrum
1266 1161 1314 1199 de
1340 1161 1462 1199 Croso
1488 1161 1647 1199 factum
1671 1160 1798 1224 fuisse.
1819 1159 1972 1224 archle-

256 1209 472 1261 piscopum
499 1212 800 1255 Bituricensem
828 1231 937 1255 anno
974 1218 1189 1257 millesimo
1228 1220 1457 1268 CCCLXX,
1493 1235 1532 1258 vl
1572 1220 1662 1258 idus
1694 1218 1756 1269 [S]
1787 1216 1971 1268 Junias'3,

255 1277 401 1308 auctor
423 1285 520 1310 vero
543 1274 784 1323 patriarchii
805 1275 1072 1316 Bituricensis
1097 1279 1251 1317 scribat
1271 1280 1388 1317 illum
1410 1280 1590 1318 tenuisse
1615 1293 1705 1318 eam
1730 1277 1971 1343 cathedram

254 1342 326 1378 per
347 1343 476 1368 annos
499 1331 581 1370 fere
604 1333 786 1384 quinque
808 1344 849 1373 et
868 1336 1149 1375 Bertrandum
1171 1339 1220 1377 de
1242 1339 1433 1377 Chanaco
1454 1352 1729 1377 successorem
1752 1351 1839 1387 ejus
1861 1350 1970 1374 anno

252 1387 468 1427 millesimo
499 1390 812 1431 CCCLXXIV4
840 1395 991 1434 sedisse
1020 1396 1061 1434 in
1093 1398 1289 1436 cathedra
1317 1398 1579 1446 Bituricensi,
1609 1397 1878 1461 manifestum
1907 1403 1970 1433 est

253 1446 423 1486 Petrum
449 1451 659 1490 transiisse
684 1460 776 1490 tum
797 1454 849 1491 ad
869 1454 1153 1495 Arelatensem
1170 1456 1199 1505 5,
1234 1457 1420 1508 adeoque
1449 1458 1714 1496 Guillelmum
1734 1463 1967 1520 extinctum

251 1505 374 1545 fuisse
395 1522 502 1547 anno
523 1510 859 1561 MCCCLXXIV,
879 1514 942 1552 uti
961 1515 1152 1555 diximus.
1175 1517 1354 1555 Multum
1373 1525 1514 1555 autem
1533 1525 1673 1555 errant
1692 1516 1762 1566 qui
1780 1515 1968 1580 scribunt

247 1564 364 1603 illum
390 1567 537 1607 obiisse
562 1584 671 1609 anno
698 1571 959 1615 MCCCXCII
985 1583 1026 1613 et
1051 1575 1175 1614 fuisse
1200 1576 1555 1627 archiepiscopum
1583 1575 1898 1626 Hydruntmum
1926 1581 1966 1611 et

249 1625 512 1667 cardinalem.

304 1684 424 1724 Hune
447 1687 712 1727 Guillelmum
735 1690 783 1729 de
806 1691 958 1730 Gardia
980 1693 1336 1745 archiepiscopum
1357 1695 1641 1733 Arelatensem
1661 1693 1771 1732 idem
1794 1693 1961 1730 Nostra-

247 1742 407 1792 damus,
437 1760 476 1796 p.
509 1746 585 1785 420
614 1763 689 1798 sq.,
721 1749 916 1789 describit
944 1760 992 1790 ut
1020 1753 1230 1792 hominem
1259 1754 1377 1792 malis
1406 1754 1589 1793 moribus
1617 1753 1841 1817 imbutum,
1862 1759 1961 1817 ‘tum

245 1803 452 1852 perfidum
470 1814 511 1844 et
527 1807 796 1857 proditorem,
814 1819 862 1848 ut
880 1811 950 1860 qui
968 1812 1154 1851 Joannae
1172 1813 1335 1863 reginae
1354 1813 1654 1864 Neapolitanae
1671 1820 1712 1851 et
1730 1819 1962 1851 comitissae

246 1861 487 1903 Provinciae
513 1865 761 1915 dignitatem
783 1869 961 1918 laeserit,
988 1871 1104 1921 cujus
1127 1881 1347 1923 propterea
1371 1873 1487 1923 jussu
1512 1881 1553 1911 et
1577 1871 1828 1910 auctoritate
1853 1870 1961 1935 bona

244 1922 622 1974 archiepiscopatus
645 1926 896 1967 Arelatensis
919 1930 994 1967 sub
1017 1945 1143 1969 manu
1165 1932 1288 1981 regia,
1311 1940 1359 1970 ut
1380 1933 1504 1982 vulgo
1525 1932 1754 1982 loquuntur
1775 1938 1961 1980 practici,

243 1981 378 2029 posita
396 1982 520 2022 fuere.
543 1984 658 2023 Idem
673 1986 798 2025 refert
814 1996 1000 2038 satyram
1018 1991 1244 2039 quamdam
1260 1991 1457 2030 adversus
1476 1992 1585 2029 hunc
1606 1990 1960 2053 archiepiscopum

243 2054 289 2077 eo
317 2048 503 2091 tempore
530 2044 728 2094 scriptam
756 2060 777 2084 a
807 2048 988 2096 quodam
1008 2049 1240 2088 Bertrando
1260 2051 1544 2098 Allamanone,
1567 2049 1957 2088 nobili'ArelatensL

243 2098 299 2136 At
330 2099 489 2148 Saxius,
520 2117 558 2152 p.
591 2103 681 2151 323,
712 2105 818 2143 hanc
840 2107 1056 2146 historiam
1086 2118 1256 2148 revocat
1283 2110 1326 2147 in
1356 2110 1542 2157 dubium,
1574 2124 1620 2148 eo
1649 2108 1759 2159 quod
1790 2108 1958 2146 chartae

242 2157 501 2199 Arelatenses
544 2162 808 2205 Guillelmum
850 2167 997 2216 optimi
1036 2169 1234 2218 praesulis
1276 2169 1482 2219 specimen
1522 2169 1696 2207 edidisse
1736 2174 1957 2231 testentur,

243 2226 405 2256 constet
432 2228 574 2258 autem
600 2223 783 2272 reginam
814 2225 1022 2264 Joannam
1050 2236 1146 2266 ante
1175 2236 1216 2266 et
1242 2236 1338 2278 post
1367 2228 1509 2267 fictam
1536 2227 1814 2278 proditionem
1840 2226 1957 2289 illum

242 2276 318 2314 sibi
346 2277 555 2318 beneficiis
585 2281 829 2323 devinxisse.
862 2285 1007 2333 Quoad
1035 2295 1234 2336 satyram,
1264 2302 1336 2337 ego
1364 2295 1467 2338 puto
1496 2302 1587 2327 eam
1614 2301 1697 2325 non
1731 2300 1816 2324 esse
1852 2299 1956 2322 acci-

240 2335 437 2384 piendam
448 2338 687 2389 simpliciter
701 2342 763 2379 uti
777 2343 939 2393 legitur,
956 2345 1025 2383 sed
1040 2345 1082 2383 in
1098 2346 1351 2387 contrarium
1363 2361 1541 2395 sensum,
1555 2346 1657 2385 adeo
1671 2354 1719 2383 ut
1733 2345 1775 2382 in
1789 2344 1954 2408 laudem

241 2395 379 2443 potius
402 2411 526 2446 quam
546 2398 587 2436 in
607 2401 862 2451 vituperium
882 2403 969 2453 ejus
991 2405 1219 2455 composita
1240 2406 1444 2445 videatur.
1468 2406 1565 2454 Quis
1586 2405 1695 2444 enim
1714 2418 1802 2469 tam
1821 2402 1954 2454 perch-

242 2461 322 2501 tus,
346 2463 435 2499 tam
458 2458 589 2496 malus
614 2460 828 2511 episcopus
853 2477 936 2501 esse
960 2472 1099 2513 potest
1121 2473 1169 2502 ut
1192 2465 1240 2503 de
1264 2480 1310 2503 eo
1334 2465 1413 2503 dici
1435 2466 1500 2504 ·vel
1523 2464 1644 2503 scribi
1665 2471 1826 2514 possmt
1849 2475 1954 2512 quae

241 2521 364 2562 poeta
396 2514 462 2554 ille
494 2517 636 2556 scribit
668 2519 717 2557 de
751 2520 992 2560 GuillelmoP

297 2572 338 2610 P.
363 2573 452 2621 250,
474 2575 540 2625 lig.
565 2576 626 2615 22.
651 2578 872 2619 COMMISIT.
897 2581 973 2619 Sur
993 2582 1048 2620 les
1072 2585 1335 2621 &venements
1358 2583 1460 2621 dont
1480 2583 1516 2621 le
1541 2582 1816 2632 chroniqueur
1838 2579 1952 2618 n'ob-

241 2644 356 2669 serve
376 2647 448 2682 pas
469 2634 617 2674 l’ordre
638 2637 971 2690 chronologique,
992 2649 1033 2679 et
1054 2642 1153 2691 qu’il
1174 2642 1426 2690 embrouille,
1447 2642 1536 2680 voir
1556 2642 1713 2688 Mollat‚
1734 2641 1809 2678 Les
1828 2652 1953 2690 pape-9

242 2689 485 2740 d’Avignon,
506 2708 544 2744 p.
568 2694 753 2735 186-189.

293 2844 325 2877 ’1.
353 2844 402 2878 Le
429 2847 473 2879 12
500 2848 695 2884 decembre
721 2852 810 2885 1371
843 2853 895 2896 (ut
917 2865 958 2894 s.‚
986 2855 1053 2888 col.
1081 2855 1178 2899 708).

294 2897 323 2929 2.
352 2897 381 2930 ΙΙ
404 2907 558 2934 mourut
580 2902 612 2935 le
637 2904 681 2936 22
703 2905 826 2948 juillet
849 2907 943 2940 1374
970 2907 1034 2951 (Ut
1055 2919 1096 2948 s.‚
1122 2909 1189 2942 col.
1215 2909 1311 2952 710).

292 2950 323 2983 3.
350 2950 506 2995 D’apres
531 2953 648 2989 Eubel
676 2956 917 3000 (Hz'erarclzia,
942 2966 968 2994 t.
990 2972 1014 3001 1,
1038 2973 1072 3004 p.
1097 2961 1178 3006 139)
1204 2973 1243 2995 ce
1265 2961 1326 2994 fut
1346 2963 1378 2995 le
1400 2963 1420 2995 9
1441 2962 1534 3006 juin.

292 3002 322 3035 li.
351 3003 400 3037 Le
427 3006 445 3037 2
471 3008 562 3040 aofit
590 3008 734 3051 (Eubel,
762 3017 799 3044 ut
821 3012 878 3055 s.).

292 3056 322 3087 5.
345 3056 393 3089 Le
415 3058 434 3089 2
454 3061 555 3100 aoffl,
578 3073 645 3105 par
663 3063 758 3097 suite
780 3065 823 3098 de
842 3066 878 3099 la
897 3073 996 3100 mort
1016 3067 1059 3100 de
1081 3067 1291 3101 Guillaume
1312 3068 1355 3101 de
1375 3068 1429 3102 La
1458 3068 1579 3102 Garde
1607 3069 1672 3113 qui
1699 3070 1804 3103 avait
1831 3070 1944 3111 gard&

246 3109 499 3145 l’archoveche
524 3113 667 3149 d⁷Arles
690 3128 736 3150 en
760 3120 979 3153 commende
1006 3120 1195 3163 (Albanes,
1218 3132 1275 3165 op.
1300 3122 1371 3161 cit„
1394 3121 1512 3162 Arles,
1537 3122 1604 3156 col.
1629 3122 1726 3166 714).
