2083 3458
258 214 338 255 702
910 229 1063 254 NOTAE
1096 229 1157 254 AD
1191 229 1320 254 VITAs
1819 213 1972 268 [1184]

252 325 422 362 papam,
446 320 494 350 ut
516 320 698 350 testatur
722 312 903 350 Joannes
930 311 1106 362 Remigii
1129 311 1178 350 de
1203 312 1405 360 Guzman,
1429 312 1741 351 archidiaconus
1766 313 1832 351 del
1854 312 1976 351 Alcor

252 371 297 409 in
319 371 499 410 Ecclesia
526 371 743 410 Palentina
761 371 777 394 1
803 387 811 409 :
844 371 1063 409 Undecima
1096 372 1158 409 die
1181 380 1269 422 post
1293 380 1453 410 mortem
1475 387 1580 423 pape
1611 372 1790 422 Gregorii
1815 387 1883 422 ego
1921 371 1976 410 ivi

254 431 307 468 ad
335 431 546 469 videndum
576 431 754 469 conclave
783 431 897 481 quasi
927 431 1023 469 bora
1052 445 1301 481 vesperorum
1330 431 1528 469 modicum
1556 433 1648 482 plus
1678 433 1735 470 vel
1764 432 1912 479 minus,
1942 439 1976 469 et

253 490 337 527 vidi
359 505 482 528 unam
502 490 681 528 tabulam
698 491 867 540 fractam
888 491 932 528 in
952 491 1052 528 dicto
1074 491 1248 529 conclavi
1268 506 1388 542 super
1408 492 1547 529 lectum
1568 492 1787 529 cardinalis
1808 492 1852 529 de
1872 492 1976 529 Ara-

255 550 394 598 gonia3
419 558 454 588 et
475 550 659 588 dixerunt
680 550 886 588 existentes
910 550 967 588 ibi
992 551 1093 600 quod
1115 551 1313 589 modicum
1334 551 1513 601 spatium
1535 560 1616 589 erat
1639 552 1740 601 quod
1763 551 1977 589 intraverat

257 624 382 647 unum
401 610 540 659 fulgur
560 624 630 660 per
654 609 755 647 illud
773 610 966 659 foramen,
991 610 1107 660 cujus
1129 611 1263 648 lumen
1285 611 1530 661 resplenduit
1550 626 1620 661 per
1639 619 1762 648 totum
1782 610 1975 657 conclave,

252 677 287 706 et
309 669 352 706 in
374 669 482 706 nullo
504 677 688 707 nocuerat
705 684 773 707 nee
791 669 834 707 in
851 670 1014 707 cortinis
1033 684 1101 707 nec
1119 670 1162 707 in
1178 670 1286 708 attis.
1306 671 1358 708 Et
1375 670 1556 708 dicebant
1574 670 1688 708 multi
1703 679 1784 708 tam
1799 669 1972 707 Romani

253 743 372 778 quam
392 729 436 766 de
456 729 551 766 aliis
573 729 805 766 nationibus
827 730 929 779 quod
947 738 1043 767 esset
1062 745 1173 780 papa
1193 730 1412 768 cardinalis
1432 731 1477 768 de
1496 730 1707 780 Aragonia
1727 744 1797 780 pro
1818 744 1859 767 eo
1881 729 1976 779 quia

254 788 318 825 ille
336 788 475 826 radius
493 788 630 826 cecidit
646 803 766 839 super
782 803 902 827 suum
919 789 1059 827 lectum
1076 798 1110 827 et
1128 790 1171 827 in
1190 790 1299 827 nullo
1318 790 1463 828 nocuit.
1487 790 1592 828 Item
1611 789 1774 828 Garsias
1795 789 1907 827 Petri
1925 789 1974 827 de

254 848 427 886 Tassara
452 864 460 885 ε
486 848 536 886 Et
570 848 697 898 aliqui
730 863 864 886 eorum
898 849 964 899 qui
997 857 1109 887 erant
1139 849 1191 887 ab
1222 857 1330 887 extra
1361 857 1688 900 presumpserunt
1720 849 1821 899 quod
1848 848 1974 886 cardi-

252 907 359 944 nalis
385 907 430 945 de
453 907 572 945 Luna
596 916 692 946 esset
715 923 825 959 papa
849 923 891 946 eo
916 909 1011 959 quia
1035 908 1173 947 cecidit
1198 909 1241 947 in
1261 910 1439 947 conclave
1464 910 1658 960 quoddam
1680 909 1820 959 fulgur
1844 922 1975 946 coram

251 967 350 1004 cella
379 982 467 1005 sua.

309 1027 399 1064 Huc
418 1041 548 1077 usque
566 1028 652 1065 sola
669 1027 813 1066 cellula
830 1027 941 1066 Petri
961 1028 1009 1066 de
1024 1029 1144 1066 Luna
1161 1028 1331 1067 fulmine
1347 1029 1430 1067 icta
1450 1029 1541 1067 fuit.
1564 1029 1712 1067 Postea
1732 1028 1891 1066 dictum
1912 1035 1975 1065 est

250 1086 354 1124 duas
371 1086 420 1125 de
436 1087 547 1125 caelo
563 1095 697 1125 tactas
715 1087 851 1126 fuisse.
874 1088 937 1126 Sic
952 1088 1064 1126 enim
1077 1096 1259 1126 testatur
1283 1089 1550 1127 continuator
1566 1088 1744 1126 Gallicus
1771 1087 1920 1137 Nangii
1937 1086 1971 1124 ²:

252 1145 303 1183 Et
328 1146 361 1183 le
387 1147 525 1196 mardy
556 1146 615 1184 VI
637 1147 730 1196 jour
755 1148 807 1184 du
834 1147 934 1185 mois
960 1148 1102 1185 d'avril
1126 1148 1339 1186 ensuivant
1370 1149 1441 1186 mil
1474 1147 1797 1186 CCCLXXVII
1823 1148 1875 1197 (a.
1903 1146 1971 1196 st.)

250 1214 372 1243 avant
398 1206 618 1256 Pasques...
649 1221 699 1244 ou
720 1207 897 1245 conclave
918 1207 985 1257 qui
1005 1207 1118 1245 estoit
1139 1208 1278 1245 ordene
1299 1222 1400 1258 pour
1420 1209 1473 1245 les
1491 1207 1730 1246 cardinauloe
1751 1221 1853 1257 pour
1871 1206 1974 1256 faire

252 1265 443 1303 l'e'lection
467 1266 512 1303 de
536 1266 676 1304 l'autre
699 1281 818 1316 pape,
843 1275 877 1304 et
909 1268 1051 1317 ouquel
1084 1267 1132 1305 ils
1166 1267 1342 1305 devoient
1374 1276 1501 1305 entrer
1539 1267 1792 1314 l’endemain‚
1819 1266 1910 1316 chey
1935 1266 1974 1303 la

248 1324 403 1373 fouldre
424 1333 458 1363 et
479 1326 609 1376 rompi
632 1334 666 1364 et
687 1327 850 1376 despeca
873 1327 975 1364 deux
995 1327 1060 1364 des
1083 1327 1183 1376 logis
1206 1328 1367 1365 ordenez
1388 1342 1490 1377 pour
1511 1326 1612 1365 deuse
1634 1328 1699 1364 des
1722 1326 1971 1364 cardinaulae.

254 1384 365 1422 Haec
395 1393 575 1423 tantum.
607 1386 756 1424 Postea
788 1386 1108 1425 Urbam'starum
1136 1387 1341 1425 industria
1370 1387 1529 1425 detexit
1558 1386 1659 1424 duas
1688 1386 1776 1424 illas
1807 1385 1971 1424 cellulas

248 1457 317 1481 eas
355 1444 478 1482 fuisse
516 1459 620 1494 quae
658 1445 890 1484 destinatae
927 1454 1045 1484 erant
1082 1446 1279 1485 cardinali
1316 1446 1575 1485 Gebennensi
1611 1455 1652 1484 et
1689 1444 1886 1484 cardinali
1923 1444 1973 1483 de

252 1503 382 1551 Luna,
416 1513 526 1542 certo
557 1505 770 1555 praesagio
801 1505 889 1543 illos
923 1506 1083 1544 futuros
1116 1506 1351 1557 antipapas.
1387 1506 1450 1544 Sic
1482 1506 1590 1545 enim
1621 1506 1770 1556 legitur
1801 1505 1844 1542 in
1880 1504 1973 1542 Vita

258 1562 413 1600 Urbani
444 1564 504 1601 Vl
526 1579 577 1602 ex
601 1564 737 1603 codice
763 1579 837 1604 ms.
854 1565 1060 1603 Ecclesiae
1083 1566 1397 1616 Burdegalensis
1431 1580 1554 1616 supra
1588 1566 1758 1603 laudato
1774 1563 1790 1586 3
1815 1581 1822 1602 :
1859 1564 1973 1601 Hora

249 1630 382 1660 autem
401 1623 601 1661 electionis
622 1624 715 1662 dicti
743 1624 899 1662 Urbani
918 1639 1120 1662 summum
1142 1625 1381 1663 miraculum
1401 1625 1553 1663 cunctis
1573 1624 1816 1663 mirantibus
1837 1632 1973 1661 notum

251 1689 318 1720 est.
342 1683 550 1732 Apparuit
572 1684 678 1721 enim
702 1684 868 1733 quedam
890 1684 1008 1733 nigra
1032 1685 1227 1722 nubecula
1251 1685 1294 1722 in
1315 1700 1450 1722 sereno
1473 1699 1560 1722 aere
1581 1699 1701 1735 super
1724 1684 1915 1731 conclave,
1939 1691 1973 1720 et

249 1741 381 1779 subito
402 1743 541 1791 spargi
565 1743 678 1792 cepit,
702 1752 736 1781 et
758 1743 977 1781 tonitruum
1001 1744 1091 1781 inde
1110 1744 1310 1794 prodiens,
1335 1745 1589 1782 cantantibus
1610 1744 1784 1782 dominis
1803 1742 1971 1781 electori-

255 1800 325 1837 bus
345 1801 536 1850 hymnum
556 1803 794 1851 angelicum,
815 1804 973 1853 aperuit
992 1805 1183 1851 conclave,
1204 1804 1472 1854 percussitque
1491 1804 1645 1842 lecticas
1666 1803 1759 1841 dicti
1780 1803 1973 1853 antipape

248 1868 285 1897 et
311 1861 419 1898 Petri
447 1862 491 1898 de
517 1862 636 1899 Luna
662 1870 815 1900 tantum
842 1871 876 1900 et
901 1878 1014 1900 arma
1040 1878 1109 1901 seu
1136 1864 1260 1901 claves
1287 1878 1488 1901 armorum
1514 1864 1687 1901 Ecclesie
1715 1863 1758 1900 in
1782 1863 1973 1913 junctura

251 1919 517 1969 figuratarum
540 1921 722 1971 ipsarum
743 1922 915 1960 clavium
936 1931 970 1960 et
990 1937 1103 1960 arma
1124 1938 1229 1973 pape
1256 1923 1435 1973 Gregorii
1458 1923 1645 1973 defuncti,
1669 1931 1786 1973 prout
1807 1921 1973 1970 vestigia

250 1987 397 2028 patent⁷
419 1981 533 2029 quasi
552 1981 739 2019 elementa
758 1990 791 2019 et
810 1982 880 2019 celi
901 1991 1109 2020 narrarent
1127 1983 1295 2031 gloriam
1319 1983 1409 2030 Dei,
1435 1991 1469 2021 et
1493 1984 1594 2033 quod
1617 1983 1679 2020 his
1699 1982 1852 2020 duobus
1872 1981 1971 2018 male

246 2038 472 2087 jacentibus
494 2040 666 2078 schisma
687 2041 869 2090 futurum
891 2050 998 2080 esset.
1024 2042 1080 2080 At
1104 2042 1364 2092 Spondanus‚
1390 2043 1454 2081 cui
1477 2043 1618 2080 fabula
1641 2042 1720 2080 ista
1744 2050 1845 2079 nota
1868 2048 1970 2088 erat,

249 2112 343 2138 eam
363 2099 535 2147 deridet,
557 2114 620 2138 an.
645 2100 759 2148 1378,
787 2101 804 2149 ἕ
827 2101 888 2148 11,
907 2116 990 2139 non
1011 2101 1180 2140 obscure
1201 2102 1374 2140 innuens
1392 2102 1628 2140 existimare
1646 2117 1685 2140 se
1703 2102 1850 2139 horum
1872 2100 1970 2138 duo-

250 2171 341 2194 rum
374 2158 644 2199 cardinalium
675 2160 842 2197 nomina
873 2160 969 2199 ficte
996 2176 1187 2211 expressa
1211 2177 1295 2200 esse
1326 2162 1368 2199 in
1397 2162 1465 2200 illo
1496 2162 1633 2200 codice
1663 2159 1970 2210 Burdegalensi,

252 2217 321 2266 qui
343 2217 518 2268 scriptus
541 2227 602 2257 est
624 2219 695 2257 diu
715 2228 810 2269 post
831 2228 1007 2260 mortem
1029 2221 1249 2259 Clementis
1273 2221 1353 2259 VII
1376 2230 1417 2260 et
1436 2221 1653 2260 Benedicti
1674 2221 1796 2258 XIII.
1820 2219 1900 2256 Alii
1921 2233 1971 2257 ex

250 2290 347 2314 casu
371 2277 566 2325 fulminis,
592 2279 701 2328 quod
725 2279 857 2317 solum
881 2280 1142 2319 comitiorum
1165 2281 1314 2319 vitium
1346 2296 1431 2319 esse
1463 2281 1521 2319 ait
1544 2281 1695 2327 Cicero,
1720 2280 1971 2329 collegerunt

249 2336 489 2375 electionem
516 2338 674 2377 Urbani
697 2347 784 2377 arte
808 2339 1010 2378 diabolica
1035 2340 1189 2378 factam
1213 2356 1311 2379 esse.
1337 2340 1400 2379 Sic
1423 2340 1532 2379 enim
1562 2340 1711 2390 legitur
1732 2339 1774 2376 in
1796 2337 1970 2389 epistola

250 2396 490 2446 responsiva
509 2397 726 2436 cardinalis
746 2398 958 2436 Flandrini
976 2399 1028 2436 ad
1055 2399 1180 2437 dubia
1198 2400 1494 2450 archiepiscopi
1521 2399 1709 2438 Toletani
1725 2398 1741 2421 4
1759 2415 1766 2436 z
1806 2398 1971 2436 Utinam

249 2455 450 2493 vidissetis
463 2457 581 2494 etiam
599 2458 787 2507 quomodo
803 2458 934 2496 subito
953 2459 1054 2508 quod
1068 2460 1264 2497 consensit
1282 2460 1511 2509 impressive
1528 2459 1719 2505 electioni,
1737 2457 1970 2496 miraculose

250 2514 416 2552 indubie
438 2516 625 2566 quicquid
648 2517 836 2555 bonorum
854 2532 1007 2555 morum
1028 2533 1097 2568 per
1118 2527 1233 2556 antea
1253 2519 1383 2568 fuerat
1403 2519 1445 2556 in
1468 2519 1569 2568 ipso.
1589 2518 1774 2568 perdidit.
1793 2516 1970 2554 llffutatio

248 2574 380 2611 subito
407 2575 511 2623 jacta
539 2584 593 2613 est
621 2576 663 2613 in
692 2577 791 2626 ipSO.
823 2577 900 2615 Sed
926 2592 1005 2615 non
1033 2579 1181 2616 dextere
1207 2579 1347 2616 eoscelsi
1375 2578 1539 2616 mutatio
1564 2578 1641 2625 hec,
1669 2578 1737 2615 sed
1764 2576 1874 2614 illius
1903 2575 1968 2625 qui

250 2634 303 2670 ad
330 2634 528 2682 palatium
556 2636 818 2685 apostolicum
846 2638 1121 2687 occupandum
1149 2638 1229 2675 sibi
1259 2638 1365 2675 viam
1394 2652 1473 2675 non
1503 2638 1545 2674 in
1574 2651 1697 2674 eremo
1726 2634 1967 2686 preparavit,

252 2692 402 2729 diaboli
434 2694 593 2741 scilicet,
629 2695 695 2745 qui
731 2710 809 2733 non
841 2697 986 2746 absque
1019 2698 1202 2747 presagio
1234 2697 1460 2746 futurorum
1493 2712 1581 2735 cum
1609 2697 1768 2746 fulgure
1801 2694 1968 2733 terribili

255 2751 297 2788 in
323 2753 473 2800 palatio
500 2754 636 2792 cecidit
663 2755 724 2792 die
749 2770 865 2793 suam
892 2756 1154 2794 intrusionem
1180 2757 1414 2806 precedente.

306 2812 407 2848 Cum
437 2812 589 2852 fureret
617 2829 711 2864 ergo
739 2815 854 2865 plebs
883 2829 1054 2856 romana
1083 2825 1227 2866 petens
1256 2830 1410 2867 papam
1438 2816 1499 2854 sui
1537 2815 1761 2865 sanguinis,
1802 2813 1966 2863 quibus—

302 2955 332 2987 1.
364 2956 403 2988 Β.
430 2955 471 2988 N
465 2983 486 2995 ,
508 2969 575 2990 ms.
598 2957 693 2990 latin
714 2959 842 2998 11745,
866 2959 927 2992 fol.
950 2961 1020 2993 105
1041 2966 1092 2994 νο.

303 3009 333 3039 2.
361 3008 523 3041 Grandes
541 3011 765 3054 chroniques‚
788 3013 828 3045 de
846 3013 998 3053 France
1020 3014 1076 3047 ed.
1100 3014 1342 3053 DelachenaL
1364 3021 1389 3047 t.
1410 3027 1446 3053 11
1467 3026 1501 3057 p.
1525 3014 1603 3046 283.

303 3062 334 3092 3.
359 3061 398 3093 B.
427 3062 483 3096 N.
506 3075 572 3096 ms.
598 3064 735 3097 Baluze
758 3066 970 3104 56‚f01.82
992 3072 1035 3100 r⁰

303 3114 334 3145 sl.
361 3114 676 3157 Blicmctzricder,
703 3118 944 3152 Lz‘lerarisclie
965 3120 1144 3161 Polemils,
1169 3133 1204 3164 p.
1230 3121 1286 3154 76.
