2083 3458
259 238 342 278 206
906 247 1057 273 NOTAE
1092 246 1151 271 AD
1187 245 1314 270 VITAS
1837 226 1962 281 [710]

260 338 323 376 ille
349 337 482 375 ciebat
507 334 763 373 thrardum
788 332 979 370 comitem
1006 330 1213 376 Pisanum,
1237 327 1305 377 qui
1328 327 1370 365 iu
1394 327 1538 365 eadem
1557 341 1695 381 pugna
1717 326 1966 364 occubuerat

261 397 355 434 olim
393 409 482 433 cum
521 393 754 437 Corradino,
791 400 838 429 ut
873 390 1000 428 tradit
1037 388 1273 426 Albertinus
1310 387 1530 434 Mussatus,
1566 386 1635 424 lib.
1674 386 1721 433 V,
1755 386 1814 422 De
1850 385 1966 435 gestis

261 455 427 493 Henrici
461 454 555 495 I'IJ,
587 454 702 502 lmp.,
730 465 816 500 cap.
846 466 869 487 v
907 448 1133 499 muratori,
1160 455 1189 485 t.
1218 461 1259 494 x,
1286 447 1359 484 col.
1387 445 1502 495 404].
1530 445 1729 484 Gherardi
1756 444 1861 482 filius
1887 444 1966 482 fuit

263 515 420 561 Facius,
455 513 624 550 Pisanus
655 519 695 548 et
724 511 809 560 ipse
842 522 988 555 comes,
1021 507 1136 556 cujus
1170 506 1300 543 filium
1331 505 1500 543 Nerium
1531 512 1828 543 commemorat
1857 504 1966 542 idem

263 575 468 611 Mussatus
498 579 682 609 extremo
712 570 812 607 libre
846 568 988 617 quinto
1017 567 1076 603 De
1107 566 1223 614 gestis
1253 564 1482 602 Italicorum
1512 572 1597 613 post
1623 563 1846 601 Henricum
1882 562 1968 600 VII

263 633 469 670 Caesarem
503 629 730 680 [Muratoru
753 637 782 666 t.
808 642 848 675 X,
872 627 944 664 col.
970 625 1083 675 644].
1108 625 1265 662 Vixisse
1287 624 1396 661 hunc
1419 623 1588 661 Faeium
1610 638 1656 661 eo
1677 630 1862 672 tempore
1885 636 1965 672 quo

262 700 406 741 captus
435 698 496 727 est
523 689 734 738 antipapa,
764 687 833 725 sed
862 699 1001 724 curam
1029 692 1151 722 antea
1179 697 1314 721 rerum
1342 683 1600 733 publicarum
1627 681 1886 720 transtulisse
1914 681 1966 719 ad

266 751 406 793 filium,
427 749 519 786 hinc
548 747 678 796 colligi
706 753 844 796 potest
872 744 981 794 quod
1009 743 1221 790 Villanius,
1249 743 1318 781 lib.
1351 742 1402 790 X,
1431 756 1518 792 cap.
1550 756 1697 779 cxxxv
1729 740 1966 791 [Muratori,

263 818 291 848 t.
317 824 403 856 xm,
429 808 500 854 col,
533 806 622 855 684]
655 807 825 855 loquens
853 804 900 842 de
929 818 974 841 eo
1007 803 1128 840 Facio
1152 817 1222 840 seu
1247 801 1457 839 Bonifacio
1485 801 1554 851 qui
1577 801 1792 839 Tarlatum
1815 799 1966 838 Bavari

263 868 461 906 vicarium
480 866 658 916 expulsit
679 880 697 903 e
721 864 890 902 civitate
914 863 1074 909 Pisana,
1098 876 1191 900 eum
1213 869 1337 899 vocat
1355 861 1548 899 comitem
1565 860 1733 898 Facium
1756 859 1965 909 juvenem,

263 928 382 965 Conte
407 926 527 963 Fazio
557 925 586 962 il
610 924 784 973 giovane.
821 922 988 960 Facium
1020 921 1129 959 enim
1158 929 1199 959 et
1227 920 1486 958 Bonifacium
1515 919 1659 958 eadem
1688 919 1855 957 nomina
1881 933 1966 956 esse

262 987 355 1024 hinc
385 999 548 1035 quoque
577 991 741 1021 constat
771 982 880 1032 quod
913 981 1021 1019 idem
1052 980 1266 1028 Villanius,
1290 979 1359 1018 lib.
1390 979 1441 1027 X,
1464 993 1551 1029 cap.
1579 993 1703 1016 chlv
1737 978 1965 1028 [Muratori,

263 1054 291 1084 t.
317 1059 401 1092 xm,
426 1044 497 1082 col.
523 1043 611 1090 690,
636 1041 742 1090 691]‚
768 1042 937 1091 loquens
965 1040 1012 1078 de
1039 1039 1251 1077 Bonisacio
1288 1039 1336 1077 de
1370 1038 1634 1076 Donairatico
1662 1052 1756 1075 eum
1784 1045 1908 1075 vocat
1934 1038 1968 1074 el

261 1105 381 1142 Conte
410 1103 530 1140 Fazio
559 1103 607 1139 sla
631 1101 878 1147 Doneratico,
908 1108 948 1138 et
976 1099 1086 1149 quod
1114 1099 1293 1137 Joannes
1322 1098 1450 1135 XXII
1487 1097 1665 1135 scribens
1706 1097 1758 1134 ad
1798 1097 1966 1135 Petrum

262 1164 309 1202 de
351 1162 541 1200 corbario
583 1153 692 1211 apud
731 1159 1022 1209 VVaddingum,
1070 1172 1134 1196 an.
1180 1158 1293 1206 1330,
1342 1158 1358 1206 ξ
1392 1158 1415 1195 4
1465 1157 1509 1207 [t.
1553 1172 1620 1204 vu,
1661 1171 1699 1206 p.
1739 1156 1836 1206 108]
1872 1170 1965 1194 eum

261 1238 333 1273 pro
363 1221 573 1259 Bonifacio
601 1228 723 1257 vocat
754 1219 921 1257 Facium
948 1234 955 1256 :
987 1218 1148 1255 dilectus
1183 1217 1293 1266 filius
1328 1217 1473 1254 nobilis
1507 1216 1566 1253 vir
1594 1216 1741 1253 Facias
1774 1215 1897 1253 comes
1922 1216 1966 1252 de

259 1281 495 1319 Donoratico
514 1279 539 1317 1.
569 1280 740 1329 Propter
764 1279 840 1316 hoc
864 1285 1005 1315 autem
1030 1277 1187 1315 facinus
1209 1291 1316 1327 papa
1341 1277 1520 1314 Joannes
1543 1275 1577 1313 ei
1609 1275 1724 1313 dedit
1755 1275 1784 1312 il
1813 1275 1966 1312 castello

263 1342 301 1379 di
317 1339 592 1383 sslontemassi,
613 1339 739 1376 ch’era
757 1338 853 1375 dello
875 1337 1192 1384 Arcivescovado,
1215 1349 1233 1371 e
1251 1336 1342 1374 altri
1361 1335 1481 1373 ricchi
1501 1334 1595 1375 doni
1613 1349 1631 1371 e
1654 1334 1833 1383 beneficii
1854 1334 1964 1371 eccle-

261 1400 426 1438 siastici.
452 1399 648 1436 Odoricus
679 1397 933 1446 Raynaldus,
963 1410 1027 1434 an.
1060 1395 1173 1443 1330,
1197 1395 1212 1443 ἓ
1235 1395 1296 1443 27,
1321 1395 1467 1432 datum
1487 1394 1544 1432 illi
1566 1394 1624 1432 ait
1646 1402 1828 1431 castrum
1850 1393 1964 1431 Pere-

262 1468 407 1497 tanum
450 1458 614 1495 ditionis
654 1456 890 1507 pontificiae
932 1456 973 1493 in
1013 1454 1211 1493 Suanensi
1250 1469 1346 1505 agro
1381 1452 1601 1492 maritimo.
1641 1453 1760 1491 Liber
1796 1452 1966 1490 Arnaldi

263 1518 482 1556 Camerarii
500 1517 514 1539 '2
552 1533 558 1554 :
600 1516 697 1554 Item
743 1530 868 1553 unum
911 1515 1025 1552 aliud
1069 1514 1374 1552 instrumentum
1416 1513 1619 1551 continens
1663 1512 1965 1561 ratificationem

262 1577 466 1626 Bonifacii
489 1576 643 1614 Novelli
664 1589 783 1625 super
808 1588 848 1612 eo
879 1574 980 1624 quod
1000 1573 1186 1611 dominus
1218 1573 1278 1611 Jo.
1305 1588 1414 1623 papa
1433 1572 1574 1609 XXII
1598 1586 1666 1622 per
1694 1586 1789 1609 suas
1819 1571 1969 1609 litteras

261 1637 497 1687 apostolicas
526 1636 629 1673 dedit
659 1635 702 1672 in
729 1634 892 1684 feudum
920 1634 1019 1671 dioto
1048 1633 1260 1682 Bonifacio
1286 1632 1460 1679 Novello,
1486 1631 1618 1669 comiti
1647 1632 1690 1668 de
1714 1631 1965 1683 Donorati‘co5

261 1696 337 1734 civi
359 1696 523 1742 Pisano,
546 1703 580 1733 et
599 1694 684 1732 suis
706 1694 841 1731 liberis
864 1708 932 1743 per
953 1692 1217 1730 masculinam
1246 1692 1394 1729 lineam
1413 1690 1733 1728 descendentibus
1762 1690 1805 1727 in
1831 1704 1965 1740 perpe—

262 1765 372 1793 tuum
401 1763 571 1792 castrum
597 1762 631 1791 et
658 1762 801 1791 curtem
830 1753 873 1789 de
892 1753 1036 1790 Pareta
1062 1752 1140 1789 sita
1169 1751 1212 1788 in
1230 1751 1445 1789 lllaritima
1467 1750 1689 1788 Suanensis
1711 1749 1888 1797 diocesis,
1917 1749 1969 1786 ad

262 1815 478 1852 Ecclesiam
496 1827 701 1850 romanam
722 1811 939 1862 spectantia
970 1811 1044 1848 sub
1065 1825 1182 1848 censu
1215 1824 1350 1848 annuo
1376 1810 1497 1847 unius
1518 1808 1661 1858 floreni
1684 1809 1775 1846 auri
1793 1808 1968 1846 solvendi

261 1874 472 1911 annuatim
495 1886 653 1910 romane
677 1871 847 1909 Ecclesie
876 1871 918 1908 in
940 1870 1035 1919 festo
1063 1871 1328 1920 apostolorum
1349 1869 1457 1907 Petri
1488 1878 1522 1906 et
1547 1868 1689 1916 Pauli,
1722 1882 1793 1918 pro
1824 1867 1969 1918 quibus

261 1934 387 1971 dictus
409 1946 531 1969 comes
553 1931 781 1979 homagium
804 1930 949 1979 ligium
979 1938 1013 1967 et
1036 1929 1237 1978 fidelitatis
1265 1929 1535 1978 juramentum
1559 1928 1657 1965 dicto
1685 1927 1842 1965 domino
1866 1940 1969 1977 pape

261 2001 295 2030 et
313 1992 398 2029 suis
427 1990 715 2029 successoribus
737 1989 1036 2039 Ecclesie[que]
1061 2002 1220 2025 romane
1244 1997 1416 2038 prestare
1436 1987 1548 2025 habet
1582 1995 1617 2024 et
1651 1987 1804 2024 obedire
1833 1986 1969 2024 rectori

262 2051 494 2101 patrimonii
526 2050 624 2087 beati
652 2049 760 2087 Petri
784 2049 826 2085 in
857 2048 1016 2088 Tuscia,
1044 2056 1160 2097 prout
1185 2048 1258 2085 alii
1286 2047 1448 2084 barones
1477 2046 1694 2096 seiidatarii
1722 2046 1816 2083 dicti
1837 2045 1970 2083 Patri·

264 2110 387 2147 monii
414 2118 602 2147 tenentur.
634 2109 776 2146 Aletum
797 2108 908 2145 Pisis
935 2122 1040 2144 anno
1070 2107 1236 2144 Domini
1268 2105 1621 2153 MCCCXXXII,
1658 2104 1738 2138 VII
1770 2105 1870 2154 ydus
1904 2104 1965 2154 [7]

262 2169 502 2219 septembris,

322 2229 358 2266 Ρ.
385 2228 471 2275 145,
494 2228 557 2277 lig.
583 2227 616 2265 3.
651 2227 824 2264 FRATRE
848 2225 1008 2271 PAULO,
1038 2225 1086 2263 de
1120 2225 1318 2272 viterbio,
1352 2233 1399 2262 ut
1430 2238 1523 2262 eum
1555 2232 1678 2261 vocat
1712 2223 1966 2261 Contelorius

275 2288 327 2337 [p.
354 2287 425 2336 46]
453 2287 520 2336 qui
545 2286 602 2324 ait
626 2300 719 2324 eum
744 2285 856 2322 Pisas
881 2293 1067 2322 secutum
1092 2298 1175 2322 esse
1201 2285 1369 2322 Petrum
1394 2284 1441 2321 de
1466 2283 1672 2330 Corbario,
1698 2282 1791 2320 dein
1813 2283 1855 2320 in
1878 2282 1968 2320 Ale-

265 2347 471 2383 manniam
497 2345 719 2394 aufugisse3
745 2344 837 2382 vide
861 2343 1152 2392 Waddingum,
1177 2357 1286 2381 anno
1311 2343 1424 2390 1328,
1455 2342 1471 2390 ξ
1497 2342 1545 2380 10
1579 2342 1623 2392 [t.
1649 2356 1717 2389 vu,
1741 2356 1779 2386 p.
1805 2341 1893 2391 81].
1924 2341 1970 2378 In

265 2406 400 2443 codice
441 2403 543 2441 764³
581 2404 852 2442 bibliothecae
891 2403 1161 2449 Colbertinae,
1200 2403 1242 2440 in
1287 2402 1468 2439 indiculo
1503 2401 1712 2439 variarum
1757 2401 1969 2438 literarum

267 2464 434 2501 „Ioannis
471 2464 596 2500 XXII
632 2463 847 2500 missarum
879 2462 921 2499 in
957 2462 1132 2507 Italiam,
1166 2462 1245 2499 ista
1277 2462 1468 2511 leguntur
1500 2460 1607 2498 :Die
1634 2459 1791 2497 XXIX
1824 2459 1970 2496 mensis

265 2523 475 2559 decembris
511 2523 554 2559 de
599 2536 703 2559 anm)
745 2521 912 2558 Domini
960 2520 1301 2558 MCCCXXXII
1345 2520 1507 2569 juerant
1553 2519 1670 2556 misse
1719 2518 1970 2568 infrascripte

266 2582 385 2618 littere
419 2581 626 2630 apostolice
661 2581 818 2617 domino
853 2580 967 2617 Petro
1003 2580 1046 2616 de
1080 2579 1246 2625 Artisio,
1283 2579 1430 2626 rectori,
1465 2587 1499 2616 et
1534 2578 1733 2628 Stephano
1767 2577 1973 2624 Lascoutz,

267 2640 507 2677 thesaurario
541 2639 795 2686 Patrimonii,
830 2653 899 2688 per
931 2638 1119 2675 Μανσιιηῑ
1160 2647 1193 2675 et
1228 2638 1411 2685 Narium,
1447 2651 1619 2675 cursores
1661 2636 1814 2674 domini
1846 2649 1968 2686 pape,·

268 2700 438 2736 videlicet
465 2714 542 2735 una
568 2707 717 2747 patens,
746 2698 787 2735 in
812 2712 888 2747 qua
913 2698 1124 2734 mandatur
1147 2697 1292 2734 eisdem
1316 2697 1417 2746 quod
1440 2704 1605 2746 quatuor
1629 2695 1785 2745 coffinos
1809 2704 1842 2733 et
1870 2695 1969 2732 bona

267 2758 346 2794 alia
372 2773 440 2806 que
462 2758 734 2794 schismaticus
758 2757 917 2806 quidam
941 2765 1096 2793 vocatus
1118 2756 1273 2793 Paulus
1296 2756 1340 2792 de
1368 2755 1553 2803 Viterbio,
1579 2755 1622 2792 de
1645 2754 1780 2792 ordine
1801 2754 1970 2803 fratrum

322 2906 346 2936 ¹.
374 2905 558 2938 l‘]¹1l=‹·l.R.
583 2905 634 2941 Ῑ”.,
656 2912 680 2937 1.
705 2917 735 2942 v,
755 2916 789 2947 p.
809 2904 889 2937 473.

319 2960 346 2988 53.
374 2958 409 2989 Η.
439 2958 489 2993 NL,
514 2970 578 2990 ms.
603 2958 693 2989 latin
716 2958 820 2997 5181,
842 2958 866 2990 f.
889 2957 957 2989 129
978 2961 1033 2990 ΓΟ.
1054 2977 1101 2980 ——
1122 2957 1249 2990 L'acte
1271 2955 1545 2989 d'inseodatiou
1565 2961 1622 2988 est
1642 2955 1692 2988 du
1714 2956 1757 2988 22
1778 2955 1852 2988 mai
1874 2955 1962 2988 1331

272 3010 424 3050 (Mollul.
459 3023 491 3042 η.
526 3012 668 3051 33078).

317 3065 346 3093 3.
374 3063 408 3094 Η.
439 3064 490 3098 λζ,
514 3075 578 3095 ms.
602 3064 693 3095 latin
708 3063 813 3098 4191.
836 3063 858 3095 f.
882 3063 926 3096 32
947 3066 998 3096 1¹0.
1019 3082 1067 3085 —
1087 3063 1154 3096 Les
1175 3063 1304 3095 lettres
1325 3063 1512 3095 adressees
1534 3062 1555 3094 ὲ
1574 3061 1753 3102 Tebaldo,
1775 3068 1859 3101 cte„
1881 3066 1970 3094 sont

270 3116 393 3145 ‹lau-12<
416 3117 461 3146 (Ιιι
484 3118 502 3145 {l
523 3117 715 3148 ‹l‹'=(·‹·nll)l·‹‘*
736 3117 824 3149 ‘1331
852 3116 996 3158 (Eubcl,
1017 3116 1060 3149 Β.
1082 3116 1138 3155 F.,
1159 3122 1185 3149 t.
1208 3128 1241 3156 V,
1263 3127 1297 3148 n.
1319 3115 1415 3158 952).
