2083 3458
262 214 341 255 574
911 224 1061 249 NOTAE
1096 224 1155 248 AD
1190 222 1317 248 VITAS
1810 204 1961 262 [1056]

264 312 435 349 Modene
466 311 604 360 (Prou,
634 301 774 356 Etude,
803 323 842 359 p.
874 307 924 345 29
951 316 993 346 et
1022 307 1203 355 Rinaldi,
1232 306 1427 353 Annales,
1455 306 1508 344 ad
1533 320 1687 344 annum
1717 305 1831 353 1363,
1867 305 1883 354 ἓ
1910 305 1964 354 3).

315 371 358 409 P.
382 370 471 417 396,
492 370 558 419 lig.
583 369 616 408 7.
644 369 863 406 INTRAvrr.
889 367 1060 416 D’apres
1083 338 1287 404 Frois'sart
1310 366 1354 415 (t.
1379 380 1432 413 vl,
1453 379 1492 415 p
1515 364 1581 414 82)
1604 379 1646 404 66
1668 365 1731 403 fut
1752 378 1835 423 aux
1855 364 1966 403 envi—

262 445 354 468 rons
378 430 426 467 de
447 430 485 467 13
509 428 768 466 Chandeleur
790 427 928 476 (Prou,
951 419 1092 473 Etude,
1123 439 1162 475 p.
1186 424 1265 474 24).

313 489 355 527 P.
380 488 470 535 396,
492 489 559 537 lig.
586 486 645 526 15.
672 487 989 525 CLUNIACENSIS
1012 484 1247 523 Androinus
1281 484 1329 523 de
1354 483 1509 522 Roeha.
1534 478 1637 523 Vide
1659 471 1783 534 supra
1813 498 1852 533 p.
1878 482 1966 522 958.

314 548 355 586 P.
386 547 474 590 396
503 547 570 596 lig.
602 546 662 585 17.
693 545 1036 583 MAGALONENSIS
1065 544 1295 593 Audoynus
1323 542 1496 582 Alberti.
1525 542 1629 581 Vide
1656 557 1779 593 supra
1807 557 1846 593 p.
1876 541 1966 581 926.

313 608 355 645 Ρ.
380 606 469 654 396,
491 607 557 656 lig.
583 605 644 644 27.
670 604 1073 643 PETRAeomcENffls
1096 603 1395 652 Talayrandus.
1420 602 1522 641 Vide
1543 616 1666 652 supra
1688 617 1727 652 p.
1753 601 1840 640 770.

313 666 356 705 P.
380 665 469 713 389,
492 666 559 715 lig.
585 665 644 704 17.
671 664 850 702 Ennxrr.
877 664 930 701 Le
953 663 1001 700 22
1023 662 1257 713 septembre
1281 661 1383 700 1368
1404 661 1565 711 (1’31)1·65
1586 661 1825 699 l’itineraire
1846 660 1966 699 d’Ur-

259 726 352 764 bain
375 725 409 762 V
430 725 609 774 (Baluze,
630 732 660 762 t.
680 738 735 771 lv,
757 738 795 773 p.
818 723 923 770 133).

314 785 356 823 P.
388 783 478 832 391,
508 784 575 833 lig.
609 783 669 821 13.
705 784 909 831 QuiNQUE
942 795 1023 820 VEL
1055 795 1149 829 SEX,
1193 781 1388 819 nimirum
1419 780 1659 819 Guillelmus
1691 780 1740 818 de
1770 779 1969 830 Agrifolio

261 844 475 894 episcopus
509 843 758 890 Sabinensis,
792 841 1028 880 Androinus
1063 841 1111 879 de
1146 840 1302 888 Rocha,
1336 832 1570 890 Stephanus
1604 839 1777 887 Alberti‚
1809 839 1968 887 Marcus

260 904 308 943 de
332 901 517 942 Viterbio
542 910 583 941 et
607 902 753 941 Petrus
779 902 827 939 de
850 901 1059 939 Banhaco.

315 963 358 1002 P.
380 961 470 1010 391,
489 961 557 1011 lig.
578 961 641 1000 20.
663 961 758 1000 CUM
780 974 999 998 SANGUINE
1023 973 1250 1006 CONCHILH,
1270 959 1310 997 id
1331 967 1405 1006 est,
1424 958 1557 996 rubris
1576 958 1719 1002 literis.
1739 973 1811 1007 per
1830 958 1969 996 cinna-

260 1022 404 1061 barim.
438 1021 541 1060 Vide
578 1020 828 1059 Glossarium
857 1019 1242 1057 Latino-barbarum
1273 1018 1413 1068 Cangii
1444 1018 1485 1055 in
1516 1018 1643 1057 ‘verbo
1675 1017 1897 1065 Cinnabar,
1929 1025 1970 1055 et

266 1081 629 1120 Graecobarbarum
665 1081 708 1118 in
746 1079 873 1118 verbo
911 1080 1145 1125 Κινναῧασις.

313 1141 356 1179 Ρ.
390 1139 480 1188 391,
511 1140 578 1189 lig.
612 1139 674 1178 22.
710 1139 946 1178 CONCESSA.
981 1138 1079 1176 Voir
1109 1138 1147 1176 la
1179 1137 1289 1176 bulle
1319 1137 1534 1187 imprimee
1567 1136 1668 1174 dans
1699 1137 1735 1174 16
1768 1135 1971 1174 Couteulx

260 1200 456 1249 (Annales
480 1199 635 1237 ordinis
660 1198 946 1245 Cartusiensis,
974 1197 1209 1244 Montreuil,
1238 1195 1352 1244 1890,
1379 1204 1408 1235 t.
1438 1210 1490 1243 vi,
1516 1209 1554 1245 p.
1583 1194 1733 1244 94-99).

312 1260 354 1298 Ρ.
378 1258 467 1306 391,
486 1260 552 1309 lig.
578 1257 639 1297 32.
667 1259 877 1309 ECCLESIA
904 1258 1073 1295 SANCTE
1093 1257 1262 1295 CRUCIS.
1281 1256 1398 1294 Hane
1418 1255 1696 1293 narrationem
1717 1254 1968 1293 confirmant

258 1319 401 1357 literae
435 1318 545 1356 Petri
585 1317 754 1356 Gerardi
790 1317 1009 1355 cardinalis
1045 1314 1272 1354 Aniciensis
1307 1322 1348 1353 et
1380 1314 1556 1365 episcopi
1591 1313 1811 1352 Tusculani
1844 1313 1965 1351 datae

261 1379 415 1417 Romae
439 1391 547 1415 anno
588 1376 885 1421 MCCCCXIH,
924 1390 1062 1414 mense
1098 1375 1230 1425 aprili,
1267 1375 1309 1412 in
1347 1374 1496 1424 quibus
1529 1374 1706 1412 remittit
1742 1373 1966 1411 conventui

258 1438 432 1476 fratrum
465 1436 819 1475 Carthusiensium
852 1436 1026 1474 Sanctae
1059 1435 1194 1473 Crucis
1223 1434 1266 1472 in
1299 1434 1553 1472 Hierusalem
1583 1433 1632 1471 (16
1667 1433 1776 1470 Urbe
1800 1432 1961 1483 pensio-

256 1510 346 1535 nem
374 1497 449 1535 sibi
471 1496 657 1535 debitam
684 1495 836 1534 ratione
857 1494 1002 1543 locagii
1032 1493 1178 1545 palatii
1199 1493 1338 1542 nostri,
1367 1492 1448 1531 sive
1474 1492 1613 1530 domus
1638 1491 1793 1529 ecclesie
1823 1491 1964 1530 Sancte

256 1556 390 1593 Adarie
430 1556 472 1593 in
518 1555 754 1593 monasterio
790 1555 834 1592 de
879 1554 983 1593 Urbe
1026 1554 1078 1591 acl
1116 1567 1186 1590 nos
1229 1552 1380 1590 ratione
1417 1551 1510 1590 dicti
1550 1550 1673 1589 nostri
1712 1551 1963 1601 episcopatus

259 1615 573 1653 Tusculanensis
602 1614 848 1665 pertinentis.
883 1615 988 1652 Eam
1023 1621 1163 1652 tamen
1195 1612 1474 1651 conditionem
1502 1611 1605 1655 huic>
1629 1610 1737 1649 dono
1770 1610 1923 1660 adjecit
1955 1627 1962 1648 :

261 1675 453 1712 Volumus
477 1682 608 1712 autem
628 1682 661 1712 et
687 1673 796 1712 vobis
825 1672 1027 1711 occasione
1047 1671 1332 1723 premissorum
1365 1679 1558 1722 quantum
1582 1684 1796 1721 possumus
1827 1669 1962 1720 injun-

257 1733 387 1782 gimus
407 1742 447 1772 ut
463 1748 534 1784 pro
554 1734 734 1784 ipsorum
754 1733 924 1784 aliquali
942 1731 1301 1782 recompensatione
1322 1745 1393 1768 nos
1408 1729 1570 1780 faciatis
1590 1729 1729 1767 tamin
1750 1729 1829 1768 vita
1846 1743 1964 1780 quam

254 1802 340 1843 post
373 1802 531 1831 mortem
564 1793 678 1831 vestri
708 1801 741 1831 et
780 1793 952 1843 fratrum
983 1790 1077 1829 dicti
1121 1790 1235 1830 vestri
1276 1790 1431 1828 ordinis
1469 1789 1697 1837 missarum,
1740 1788 1964 1827 orationum

254 1861 287 1890 et
319 1852 491 1890 aliorum
522 1852 752 1890 divinorum
784 1851 1000 1903 officiorum
1030 1850 1113 1902 piis
1150 1849 1361 1915 suffragiis
1395 1849 1482 1900 fieri
1515 1847 1732 1899 participes
1775 1856 1808 1886 et
1844 1847 1962 1886 etiam

254 1926 476 1961 aggregari.
513 1911 644 1962 Super
688 1910 834 1962 quibus
879 1919 1044 1949 vestram
1089 1908 1392 1947 cosnscientiam
1439 1922 1661 1946 oneramus.
1702 1908 1962 1946 Conveniunt

254 1972 331 2009 ista
369 1987 461 2011 cuin
506 1972 552 2010 iis
604 1985 706 2022 quae
757 1984 893 2021 supra,
932 1984 1023 2021 pag
1077 1969 1190 2017 1388,
1233 1969 1448 2007 retulimus
1491 1968 1540 2006 de
1590 1967 1957 2007 Carthusiensibus.

256 2031 439 2081 Epistola
482 2046 600 2081 porro
642 2032 710 2069 illa
753 2030 864 2069 Petri
904 2029 1071 2068 Geraldi
1115 2037 1234 2067 extat
1275 2028 1316 2065 in
1360 2027 1496 2066 codice
1544 2025 1649 2065 1393
1688 2026 1961 2065 bibliothecae
2016 2076 2018 2079 Υ

255 2089 510 2130 Colbertinae
524 2089 553 2138 1,
577 2090 644 2128 fol.
668 2089 717 2128 59
739 2097 786 2128 ΓΟ.

306 2150 349 2189 P.
379 2150 467 2198 392,
496 2151 562 2200 lig.
594 2149 654 2189 19.
686 2150 948 2188 CARDINALIS
978 2149 1307 2187 JHEROSOLIMIT.
1338 2147 1552 2197 Philippus
1591 2146 1820 2184 Cabassole.
1861 2145 1963 2183 Vide

253 2224 375 2259 supra
410 2224 448 2259 p.
488 2209 601 2248 1021.

308 2269 351 2307 Ρ.
369 2268 458 2316 402,
474 2269 540 2319 lig.
560 2268 620 2307 16.
637 2262 822 2306 BmeA'
840 2282 895 2305 DE
913 2268 1083 2306 SUECIA.
1102 2267 1281 2305 Thomas
1298 2266 1433 2313 Petra,
1452 2264 1672 2304 canonieus
1690 2263 1963 2312 patracensis,

255 2329 298 2366 in
322 2328 579 2378 depositione
603 2341 676 2366 sua
696 2327 723 2376 2,
749 2342 823 2378 pro
847 2336 966 2377 parte
993 2326 1151 2365 Urbani
1176 2325 1234 2363 VI
1258 2333 1381 2364 antea
1406 2324 1715 2362 Bartholomaei
1738 2323 1929 2361 Barensis
1956 2339 1964 2360 ε

260 2387 357 2425 Item
376 2387 515 2425 audivi
534 2396 627 2425 tunc
645 2387 771 2425 asseri
789 2401 859 2437 per
878 2386 1086 2424 dominum
1106 2394 1283 2423 nostrum
1301 2385 1522 2434 predictum
1542 2383 1644 2433 quod
1662 2383 1862 2420 discordia
1882 2382 1965 2420 illo-

258 2460 345 2483 rum
367 2455 460 2484 tunc
481 2447 752 2484 cardinalium
773 2446 853 2495 suit
875 2445 970 2496 quia
994 2444 1246 2495 requirebant
1267 2458 1356 2481 eum
1382 2444 1483 2493 quod
1506 2444 1577 2481 iret
1607 2443 1711 2480 ultra
1742 2450 1902 2490 montes,
1934 2449 1969 2479 et

260 2506 343 2554 ipse
370 2506 530 2555 penitus
557 2506 753 2544 recusavit
779 2520 958 2543 asserens
986 2505 1089 2554 quod
1121 2503 1310 2542 Urbanus
1343 2502 1377 2539 V
1402 2511 1436 2541 et
1470 2502 1683 2551 Gregorius
1711 2509 1895 2539 venerant
1921 2514 1967 2538 ea:

260 2565 452 2602 voluntate
476 2564 553 2601 Dei
583 2565 635 2602 acl
658 2564 989 2614 fructificandum
1017 2563 1190 2602 Ecclesie
1219 2562 1369 2600 Christ?
1398 2569 1431 2599 et
1457 2561 1754 2611 pacificandam
1788 2559 1965 2598 Ytaliam

259 2631 290 2659 et
318 2624 369 2660 acl
395 2624 709 2673 recuperandum
737 2632 859 2662 terras
887 2624 1072 2671 Ecclesie,
1103 2631 1137 2661 et
1165 2622 1315 2660 modico
1341 2621 1473 2670 fructu
1500 2628 1629 2658 secuto
1658 2620 1744 2669 ipse
1775 2618 1965 2657 Urbanus

260 2691 464 2719 recesserat
494 2691 628 2721 contra
659 2684 750 2720 welle
778 2683 856 2720 Dei
887 2683 1060 2732 predicto
1090 2681 1172 2720 sibi
1202 2696 1272 2731 per
1306 2681 1455 2718 beatam
1487 2679 1700 2729 Brigidam
1730 2677 1775 2715 cle
1807 2677 1964 2725 Suecia,

260 2749 416 2789 propter
432 2742 533 2790 quod
547 2743 627 2779 vita
642 2741 809 2791 punitus
822 2741 912 2791 fuit.
933 2741 1035 2780 Vide
1053 2755 1157 2791 quae
1174 2740 1222 2779 de
1238 2740 1315 2778 hoc
1331 2747 1576 2789 argumento
1591 2737 1755 2788 scripsit
1771 2736 1964 2775 Alfonsus

261 2800 428 2837 eremita
452 2801 547 2837 olim
577 2802 792 2851 episcopus
815 2801 1056 2839 Giennensis
1079 2799 1191 2850 apud
1214 2799 1437 2837 Odoricum
1459 2797 1739 2847 Raynaldum,
1761 2810 1826 2836 an.
1850 2795 1965 2843 1379,

267 2858 282 2905 ξ
304 2858 337 2896 9.

316 2917 357 2954 P.
387 2917 475 2964 403,
501 2918 567 2967 lig.
599 2918 657 2957 16.
689 2919 935 2957 ΕςριΕ51Α5.
962 2918 1123 2957 De'hac
1152 2917 1308 2956 Urbani
1336 2916 1370 2953 V
1397 2929 1492 2955 cura
1520 2930 1612 2966 erga
1640 2915 1828 2954 ecclesias
1854 2913 1965 2952 urbis

390 3050 412 3080 1.
447 3048 503 3087 N.,
535 3060 600 3081 ms.
633 3032 860 3083 laun'1461.

390 3102 396 3113 '
441 3101 496 3139 N..
525 3113 591 3134 1115.
620 3102 713 3135 latin
739 3102 868 3142 11745,
897 3103 958 3136 sol.
987 3104 1030 3136 97
1058 3108 1100 3136 1¹⁰.
