2083 3458
111 276 236 333 [986]
638 291 855 316 PAPARUM
890 290 1274 317 AVENJONENsmM
1706 271 1790 314 503

99 379 379 417 Arelatensem
409 377 532 415 fuisse
563 377 733 414 fratrem
763 377 947 426 ejusdem
976 376 1186 423 Bernarffi,
1219 383 1259 413 et
1290 375 1508 424 Ayglinam
1541 374 1665 411 filiam
1695 373 1788 411 Ber-

98 437 215 475 nardi
247 445 423 486 nuptam
455 436 578 473 fuisse
612 435 821 473 Ludovico
855 435 1018 485 Augcrii
1054 435 1136 472 filio
1169 434 1313 472 nobilis
1348 442 1387 471 ct
1421 432 1601 483 potentis
1635 432 1788 470 domini

100 496 304 534 Guillelmi
324 495 487 544 Augerii
508 494 555 532 de
577 494 875 543 ForcalqueriO.
899 494 1003 531 Tum
1023 502 1180 532 certum
1200 501 1261 531 est
1281 507 1325 531 ea
1345 499 1594 541 tempestate
1615 500 1791 529 matrem

99 555 297 604 Ayglinae
330 554 452 592 fuisse
486 561 705 591 mortuam.
743 553 907 591 Etenim
939 552 1170 590 Bernardus
1205 552 1267 590 die
1303 566 1391 588 xxv
1425 550 1609 600 ejusdem
1642 549 1789 588 mensis

97 614 202 663 junii
232 613 542 651 matrimonium
573 612 780 650 contraxit
811 626 904 650 cum
935 612 1179 649 Constancia
1211 611 1258 649 de
1292 610 1424 657 Rialh‚
1458 610 1580 647 vidua
1614 609 1790 658 Philippi

100 672 296 719 Asu-aldi,
331 671 485 710 domini
521 671 568 709 de
603 670 831 709 Veilheron.
871 671 1036 708 Praeter
1071 670 1289 719 Ayglinam
1323 683 1442 719 porro
1476 668 1707 706 Bernardus
1743 681 1792 705 ex

99 732 230 781 priore
258 745 383 769 uxore
411 730 577 768 sustulit
605 729 869 767 Guillelmum
896 729 1248 778 archiepiscopum
1268 728 1559 765 Bracarensem
1587 735 1627 765 et
1655 726 1793 764 Arela-

100 799 271 838 tensem,
295 790 342 828 de
364 804 444 839 quo
465 803 572 827 nunc
594 788 709 826 nobis
731 802 862 826 sermo
884 796 957 835 est,
980 787 1243 836 Aymericum
1265 787 1333 836 qui
1353 787 1393 824 in
1416 794 1630 824 contractu
1653 785 1774 823 matri

100 850 225 888 monii
243 849 345 886 inito
364 863 472 886 anno
492 847 782 894 MCCCLXIV,
804 846 866 885 dic
887 855 1031 884 octava
1051 846 1244 895 januarii,
1264 860 1358 883 cum
1377 845 1503 882 Maria
1524 845 1571 882 de
1591 844 1791 882 Trencha—

98 910 213 947 leone
239 906 541 958 (Trenclzelion)
569 921 618 945 ex
640 906 768 944 veteri
791 906 1006 943 nobilitate
1032 905 1310 943 Lemovicensi
1333 904 1384 941 ad
1409 903 1794 942 Petrambufferiam

102 968 252 1006 dicitur
287 967 373 1016 ejus
413 966 517 1004 filius
555 965 864 1015 primogenitus,
904 965 1108 1002 „loannem
1145 964 1213 1013 qui
1251 963 1370 1000 duxit
1406 963 1447 1000 in
1484 962 1795 1000 matrimonium

103 1027 339 1065 Sicelettam
362 1025 488 1063 filiam
508 1025 686 1074 Philippi
706 1024 887 1061 Astraldi
908 1032 948 1061 et
969 1023 1237 1061 Constanciae
1259 1023 1306 1060 de
1330 1022 1463 1064 Rialh,
1485 1030 1524 1059 et
1546 1021 1726 1068 Petrum,
1748 1028 1794 1057 ut

103 1086 259 1136 opinor,
287 1099 409 1134 supra
435 1099 472 1134 p.
501 1083 591 1131 879,
619 1091 1002 1129 commemoratum,
1030 1096 1079 1120 ex
1106 1096 1186 1131 quo
1213 1073 1437 1130 prognatus
1465 1081 1629 1118 videtur
1655 1093 1796 1118 eorum

102 1159 239 1182 ramus
263 1144 331 1194 qui
353 1144 581 1182 etiamnum
603 1157 653 1181 ex
674 1156 718 1180 ea
742 1150 861 1191 gente
883 1149 1101 1190 supersunt
1125 1141 1234 1190 apud
1258 1140 1458 1178 Tutelam.

157 1204 258 1241 Erat
280 1203 406 1240 Maria
429 1202 633 1251 Aymerici
655 1216 758 1238 uxor
782 1200 861 1238 filia
886 1209 926 1238 et
948 1200 1061 1238 heres
1085 1199 1289 1237 Guillelmi
1312 1199 1359 1236 de
1382 1198 1702 1236 Trenchaleone:
1727 1197 1795 1246 qui

55 1264 60 1268 ’
103 1270 356 1301 testamento
373 1261 539 1299 condito
556 1275 664 1298 anno
682 1259 957 1306 MCCCLXII,
976 1259 1038 1297 die
1058 1273 1098 1296 x1
1113 1258 1218 1307 julii,
1234 1258 1355 1307 jussit
1372 1266 1417 1294 ut
1434 1257 1464 1294 is
1483 1257 1550 1306 qui
1568 1270 1658 1295 eam
1674 1256 1796 1294 habe-

103 1330 165 1360 ret
182 1335 352 1359 uxorem
369 1329 409 1358 et
426 1320 578 1370 posteri
597 1319 682 1369 ejus
700 1319 740 1356 in
760 1333 908 1357 nomen
927 1326 1171 1367 gentemque
1191 1317 1413 1354 transirent
1431 1316 1793 1354 Trenchaleonum.

106 1381 223 1419 Unde
244 1381 284 1418 in
305 1380 418 1417 Actis
438 1379 629 1417 veteribus
649 1379 745 1416 anni
767 1377 969 1415 millesimi
992 1376 1244 1422 CCCLXIX‚
1267 1376 1330 1413 die
1353 1375 1509 1413 veneris
1531 1389 1624 1424 post
1646 1374 1798 1412 festum

107 1440 301 1478 Omnium
326 1438 570 1477 Sanctorum
596 1437 632 1488 [2
657 1435 911 1486 novembre]‚
935 1436 1174 1474 nominatur
1196 1434 1343 1472 nobilis
1367 1434 1426 1471 vir
1449 1434 1633 1470 dominus
1656 1434 1797 1481 flyme-

106 1499 212 1536 ricus
237 1499 281 1536 de
313 1497 474 1545 Gaiana,
502 1497 605 1534 alias
631 1505 787 1534 vocatus
813 1496 857 1533 de
887 1495 1184 1533 Trenchaleone.
1208 1493 1413 1542 Aymerici
1440 1501 1480 1530 et
1506 1492 1657 1530 Mariae
1683 1491 1796 1529 liberi

107 1558 218 1596 fuere
245 1557 485 1595 Guillelmus
512 1564 552 1594 et
580 1556 736 1594 Petrus.
769 1555 874 1593 Huic
899 1555 1116 1592 Guillelmo
1146 1553 1228 1591 filio
1252 1567 1325 1590 suo
1345 1552 1527 1601 legitimo
1554 1559 1594 1589 et
1620 1550 1799 1588 naturali

106 1617 252 1655 nobilis
277 1624 318 1655 et
341 1624 486 1666 potens
511 1615 676 1653 domina
704 1614 829 1652 Maria
855 1614 903 1652 de
928 1613 1243 1659 Trenchaleone‚
1269 1611 1433 1649 domina
1460 1611 1581 1648 castri
1606 1610 1653 1648 (16
1678 1610 1800 1647 Tren·

108 1676 314 1723 chaleone,
336 1689 438 1713 uxor
461 1674 606 1712 nobilis
629 1682 669 1713 et
684 1673 865 1723 potentis
889 1673 965 1711 viri
987 1672 1141 1710 domini
1164 1671 1368 1720 Aymerici
1391 1670 1439 1708 de
1462 1670 1626 1716 Gardia,
1646 1669 1803 1715 militis,

108 1735 263 1774 domini
282 1735 359 1772 loci
380 1734 428 1772 de
449 1733 613 1781 Cardia,
635 1733 749 1771 dedit
769 1741 809 1770 et
830 1731 1002 1769 donavit
1022 1739 1204 1769 castrum
1224 1730 1272 1768 de
1293 1729 1594 1767 Trenchaleone
1616 1727 1800 1765 Lemovi-

109 1795 236 1833 censis
253 1793 459 1840 dioecesis,
476 1806 666 1829 mansum
682 1792 730 1830 cle
743 1791 1009 1829 Conholonha
1024 1790 1251 1828 Tutelensis
1269 1788 1474 1834 dioecesis,
1490 1796 1529 1825 et
1546 1787 1680 1825 omnia
1698 1801 1802 1836 quae

108 1853 290 1892 habebat
317 1853 358 1890 in
387 1852 609 1902 parrochiis
639 1851 687 1889 de
718 1850 1030 1896 Petrabufferia‚
1060 1850 1108 1887 de
1138 1849 1250 1895 Vico,
1281 1848 1328 1885 de
1359 1848 1509 1885 Sancto
1539 1846 1723 1889 Genesio,
1754 1846 1802 1883 de

107 1912 295 1959 Buxolio,
312 1919 353 1950 et
374 1911 416 1948 in
439 1919 528 1949 tota
554 1910 726 1948 dioecesi
751 1909 1043 1947 Lemovicensi.
1065 1908 1217 1946 Actum
1235 1906 1427 1944 Avinioni
1450 1906 1491 1943 in
1515 1906 1636 1943 domo
1658 1905 1802 1942 nobilis

109 1980 150 2010 et
178 1970 358 2021 potentis
388 1970 463 2008 Viri
493 1969 647 2007 domini
676 1969 880 2017 Aymerici
909 1969 957 2007 de
987 1967 1151 2013 Gardia,
1182 1966 1335 2012 militis,
1365 1965 1648 2015 praesentibus
1678 1964 1803 2001 nobili

112 2030 282 2068 Joberto
306 2030 355 2068 de
378 2029 583 2067 Cornilhio
607 2028 772 2066 domino
795 2028 870 2066 1061
895 2027 943 2065 de
968 2026 1185 2072 Cornilhio‚
1207 2025 1506 2063 [lemovicensis
1528 2023 1733 2069 dioecesis,
1758 2037 1804 2060 ac

110 2089 236 2128 nobili
257 2097 298 2127 et
317 2089 613 2138 circumspecto
634 2087 721 2125 Viro
742 2087 908 2124 domino
929 2086 1104 2124 Geraldo
1125 2085 1172 2123 de
1194 2084 1358 2130 Cardia,
1379 2084 1514 2132 legum
1534 2082 1713 2127 doctore,
1736 2081 1803 2130 qui

111 2148 276 2187 videtur
317 2147 369 2185 ad
411 2147 598 2185 eamdem
642 2146 920 2196 genealogiam
962 2145 1177 2194 pertinere.
1224 2143 1476 2189 Guillelmus,
1521 2155 1656 2190 quem,
1682 2154 1800 2189 supra

111 2222 149 2258 p.
177 2206 267 2255 879,
296 2206 549 2244 ostendimus
578 2205 700 2243 fuisse
728 2205 941 2242 dominum
968 2203 1007 2241 in
1035 2211 1151 2253 parte
1180 2200 1564 2247 Montis-Draconis,
1593 2200 1651 2237 uti
1680 2199 1805 2236 etiam

114 2274 287 2305 vocatur
304 2266 345 2303 in
362 2273 579 2303 contractu
595 2264 847 2301 matrimonii
866 2264 969 2301 inito
986 2277 1094 2300 anno
1109 2260 1377 2307 MCCCCXX,
1393 2260 1454 2298 die
1473 2274 1528 2296 xn
1545 2259 1695 2308 aprilis,
1713 2271 1805 2295 611111

116 2325 304 2364 Yolanda
336 2324 418 2362 filia
447 2323 593 2361 nobilis
623 2331 664 2361 et
692 2322 873 2372 potentis
904 2322 979 2359 viri
1010 2321 1119 2359 Petri
1150 2320 1361 2363 Folcherii,
1393 2318 1546 2356 domini
1577 2318 1624 2355 de
1655 2317 1802 2353 Sancta

117 2385 345 2422 Fortunata
372 2383 413 2421 in
441 2382 613 2421 dioecesi
641 2382 861 2427 Tutelensi,
890 2389 977 2419 erat
1005 2394 1167 2430 quoque
1196 2379 1384 2416 dominus
1410 2378 1593 2415 locorum
1620 2376 1668 2413 de
1699 2375 1805 2412 Dau-

116 2443 244 2481 mario
279 2451 321 2481 et
356 2442 404 2480 de
439 2441 590 2479 Gardia
634 2441 675 2478 in
721 2440 893 2479 dioecesi
928 2439 1150 2486 Tutelensi,
1186 2446 1276 2475 tum
1319 2437 1444 2475 etiam
1478 2434 1803 2474 Trenchaleonis.

119 2502 165 2540 ln
185 2500 320 2539 codice
346 2499 449 2538 1393
470 2500 740 2537 bibliothecae
764 2499 1019 2537 Colbertinae
1033 2497 1059 2544 l,
1083 2497 1151 2534 fol.
1171 2494 1218 2533 75
1240 2502 1287 2542 r0,
1306 2502 1453 2533 extant
1474 2494 1614 2531 literae
1638 2492 1806 2529 Joannis

115 2562 162 2599 de
194 2559 393 2598 Broniaco
429 2558 644 2597 cardinalis
673 2566 714 2596 et
747 2556 1094 2595 administratoris
1124 2554 1312 2606 perpetui
1335 2553 1536 2592 Ecclesiae
1560 2551 1807 2589 Arelatensis

115 2620 236 2657 datae
262 2618 463 2656 Avenioni
485 2631 592 2655 anno
623 2616 915 2663 MCCCCXIX‚
939 2616 1001 2653 die
1030 2615 1205 2665 septima
1228 2612 1418 2662 januarii,
1439 2612 1480 2648 in
1508 2610 1654 2660 quibus
1680 2610 1807 2648 conti-

115 2686 236 2717 netur
269 2677 431 2715 collatio
469 2676 716 2726 capellaniae
754 2675 805 2712 ad
839 2676 966 2713 altare
1004 2673 1114 2712 beati
1148 2670 1453 2709 Bartholomaei
1491 2683 1536 2708 ac
1573 2677 1809 2708 sanctarum

118 2736 362 2787 Margaritae
399 2744 439 2773 et
472 2735 532 2772 XI
562 2735 734 2772 millium
765 2734 972 2783 virginum
1003 2733 1104 2770 sitae
1142 2732 1183 2769 in
1218 2730 1383 2769 ecclesia
1417 2727 1654 2775 Arelatensi,
1694 2728 1808 2776 cujus

117 2795 394 2846 praesentatio
420 2794 653 2844 pertinebat
682 2795 734 2832 ad
766 2793 936 2830 nobilem
962 2791 1090 2829 virum
1122 2789 1377 2827 Guillelmum
1406 2788 1450 2824 de
1487 2786 1648 2833 Gardia,
1686 2785 1808 2823 dumi-

116 2855 267 2901 cellum,
290 2853 496 2890 dominum
524 2853 774 2902 temporalem
794 2852 965 2889 locorum
995 2849 1038 2887 de
1065 2848 1214 2886 Gardia
1239 2855 1272 2884 et
1303 2847 1347 2884 de
1382 2846 1658 2884 Trenchelione
1682 2845 1809 2881 Tutel-

116 2913 237 2951 [ensis
258 2920 291 2950 et
311 2911 599 2950 Lemovicensis
620 2910 850 2957 dioecesum,
873 2909 1078 2946 dominum
1106 2898 1291 2944 etiamfin
1312 2913 1420 2956 parte
1443 2904 1597 2942 [Montis
1614 2903 1812 2941 Draconis

117 2971 397 3010 Aurasicensis
429 2978 461 3007 et
491 2969 770 3007 condominam
803 2968 972 3006 Biturica
1005 2965 1293 3004 Avinionensis
1314 2964 1543 3001 dioecesum.
1576 2964 1758 3013 Reliquit
1779 2963 1811 3001 is

120 3031 249 3070 filium
278 3032 445 3069 Petrum
474 3030 521 3067 de
553 3029 717 3076 Gardia,
744 3029 792 3067 de
826 3042 906 3078 quo
931 3041 1027 3064 mox
1060 3025 1207 3063 dicturi
1233 3038 1385 3071 sumus,
1412 3032 1452 3062 et
1477 3024 1679 3060 Joannem
1705 3037 1813 3072 pres·

169 3154 200 3187 1.
230 3153 270 3186 Β.
294 3152 351 3191 N.,
372 3163 438 3184 ms.
460 3150 554 3183 latin
573 3149 679 3183 1461.
