2083 3458
104 245 256 301 [1357]
626 261 841 286 PAPARUM
878 261 1261 287 AVENIONENSIUM
1451 269 1453 271 ·
1707 249 1787 290 871

90 343 193 382 solet
211 342 251 380 in
271 357 344 380 suo
366 342 509 380 Diario
530 343 754 393 quicquam
773 343 945 381 seribere
967 343 1078 392 quod
1098 358 1179 381 non
1199 344 1404 394 pertineat
1424 345 1477 382 ad
1497 345 1660 395 negotia
1680 346 1786 395 ejus-

89 402 183 440 dem
209 401 386 451 reginae,
415 416 621 440 carcerem
647 411 790 440 tamen
817 411 858 440 et
887 411 1061 440 mortem
1088 403 1343 441 Barnabonis
1372 403 1605 452 adnotavit,
1635 419 1680 443 ea
1709 413 1784 452 est,

88 469 136 499 ut
156 460 241 511 ipse
264 460 305 498 in
326 461 470 499 eodem
488 461 632 498 Diario
660 461 713 511 [p.
737 461 803 510 55]
831 461 974 499 tradit.
998 461 1207 511 Agebatur
1229 462 1277 500 de
1300 462 1595 512 conjungendis
1625 463 1784 502 foedere

88 519 342 558 matrimonii
367 519 590 565 Ludovico,
617 519 717 559 duce
743 520 970 567 Calabriae,
996 520 1077 558 filio
1101 520 1374 571 primogenito
1398 521 1583 571 ejusdem
1608 522 1783 572 reginae,

87 588 127 618 et
152 579 277 617 Lucia
304 578 385 616 filia
408 579 685 625 Barnabonis3
711 579 939 628 missusque
965 580 1014 616 ob
1039 594 1130 617 eam
1153 594 1238 618 rem
1262 579 1396 618 fuerat
1419 581 1470 618 ad
1494 581 1782 620 Barnabonem

86 638 149 676 vir
164 638 310 676 nobilis
332 638 580 687 Reginaldus
597 638 780 685 Bresilla,
798 638 867 688 qui
886 638 1115 676 Mediolano
1131 638 1252 676 rediit
1268 639 1319 676 ad
1347 639 1530 689 reginam
1546 648 1636 678 tum
1656 640 1779 679 Julio-

86 697 194 748 magi
226 697 519 735 consistentem
551 711 658 735 anno
693 698 1071 744 MCCCLXXXIV,
1105 697 1349 736 die-octava
1382 699 1574 738 octobris.
1612 699 1780 738 Interim

84 765 270 807 mortuus
293 765 354 794 est
377 755 610 794 Ludovicus
633 771 703 794 rex
725 756 895 794 maritus
918 757 1103 805 ejusdem
1124 756 1299 806 reginae.
1322 757 1474 795 Statim
1495 759 1705 797 Barnabos
1728 758 1779 796 ad

83 830 174 854 eam
206 815 317 853 misit
348 815 448 853 duos
482 815 588 853 viros
622 815 775 853 nobiles
808 830 827 853 e
861 815 1027 853 militari
1060 815 1213 862 ordine,
1257 816 1450 854 nimirum
1484 817 1778 866 Raymundum

88 875 257 913 Restain
283 883 324 913 et
352 875 556 913 Joannem
584 874 631 912 de
661 874 841 924 Lisques.
874 874 926 912 Hi
954 874 1262 924 Juliomagnum
1301 876 1502 914 advenere
1539 876 1602 915 die
1630 885 1778 926 quarta

83 934 231 972 mensis
267 933 505 972 decembris.
543 934 678 971 Primo
712 942 992 984 exposuerunt
1024 935 1313 972 Barnabonem
1347 935 1524 973 multum
1558 935 1694 974 dolore
1729 936 1777 974 de

83 1002 213 1032 morte
230 993 331 1042 regis
348 987 444 1031 etse
461 1007 615 1043 suaque
634 993 770 1031 omnia
788 984 930 1030 offerre
946 1007 1019 1043 pro
1036 993 1285 1042 acquirendo
1302 1008 1425 1046 regno
1442 994 1614 1041 Siciliae,
1631 1009 1777 1045 suppe-

82 1053 314 1091 ditaturum
338 1067 377 1090 se
403 1053 549 1101 hyeme
574 1060 614 1090 et
638 1060 796 1090 aestate
823 1051 930 1090 mille
955 1052 1139 1089 homines
1165 1052 1387 1100 lanceatos,
1413 1061 1453 1090 et
1478 1067 1638 1103 sperare
1665 1068 1704 1092 se
1730 1069 1776 1092 eo

82 1112 204 1150 modo
222 1111 375 1150 Siculos
393 1111 543 1149 adduci
559 1126 675 1161 posse
689 1111 740 1149 ad
758 1111 1037 1149 abdicandum
1052 1112 1251 1150 Karolum
1268 1112 1315 1150 de
1335 1112 1451 1150 Pace.
1467 1112 1596 1150 Multa
1613 1127 1776 1162 quoque

81 1171 301 1221 magnifica
327 1170 500 1221 polliciti
526 1179 622 1208 sunt
649 1185 699 1208 ex
724 1178 841 1220 parte
867 1170 1138 1217 Barnabonis,
1166 1184 1270 1220 quae
1296 1179 1540 1209 enarrantur
1566 1171 1607 1209 in
1633 1172 1776 1210 eodem

79 1231 222 1268 Diario
252 1230 305 1280 [p.
334 1229 417 1279 72]‚
444 1229 594 1279 quippe
621 1229 736 1267 illum
760 1243 918 1267 summe
945 1244 1091 1279 cupere
1117 1237 1163 1267 ut
1188 1244 1292 1268 unus
1330 1238 1497 1268 tantum
1522 1244 1630 1281 papa
1656 1230 1709 1268 sit
1735 1230 1775 1268 in

83 1289 261 1328 Ecclesia
278 1297 318 1327 et
335 1304 438 1327 unus
456 1304 526 1327 rex
541 1289 582 1326 in
595 1288 744 1336 Sicilia,
757 1288 797 1326 id
814 1296 888 1334 est,
904 1288 1136 1327 Ludovicus
1150 1288 1235 1326 dux
1249 1289 1473 1337 Calabriae,
1487 1303 1609 1339 quem
1621 1290 1773 1327 Barna—

80 1349 152 1387 bos
179 1348 374 1398 diligebat
399 1356 603 1397 tanquam
631 1347 759 1385 filium
785 1362 905 1386 suum
930 1347 1197 1398 principalem
1222 1356 1263 1385 et
1289 1347 1557 1395 carissimum,
1585 1348 1773 1398 quamvis

79 1408 177 1446 alios
208 1416 387 1458 quatuor
415 1407 598 1445 haberet.
629 1407 815 1445 Tandem
842 1406 966 1444 iidem
994 1406 1118 1456 legati
1147 1406 1420 1445 discesserunt
1449 1407 1681 1457 Juliomago
1711 1407 1773 1445 die

78 1476 195 1506 sexta
217 1466 457 1513 decembris,
480 1465 624 1504 donati
646 1465 818 1516 quilibet
839 1480 981 1504 eorum
1002 1467 1053 1503 ab
1075 1466 1219 1504 eodem
1242 1466 1450 1504 Ludovico
1472 1466 1610 1516 aquali
1630 1480 1712 1504 uno
1733 1474 1774 1504 et

78 1541 160 1564 uno
182 1526 331 1565 culullo
352 1525 437 1564 sive
461 1525 583 1564 calice
606 1533 813 1575 cooperto,
837 1539 912 1562 une
932 1525 1109 1574 aiguiere
1130 1533 1164 1562 et
1184 1540 1238 1562 un
1260 1524 1405 1574 go'belet
1424 1534 1587 1564 convert.
1611 1526 1686 1564 Per
1706 1540 1772 1563 eos

78 1594 218 1624 autem
236 1585 348 1623 misit
364 1585 535 1623 anulum
554 1584 701 1623 Luciae
720 1599 892 1635 sponsae
910 1598 1020 1622 suae.
1045 1584 1090 1622 In
1107 1584 1232 1622 literis
1251 1592 1391 1622 autem
1409 1598 1509 1634 quas
1526 1593 1618 1622 tum
1635 1584 1771 1634 regina

78 1644 218 1696 gallice
238 1644 400 1695 scripsit
419 1644 471 1682 ad
490 1644 780 1682 Barnabonem
799 1643 857 1681 ita
877 1643 1090 1693 legebatur
1107 1659 1114 1681 :
1149 1644 1241 1680 Tres
1260 1644 1441 1682 excellent
1459 1652 1492 1681 et
1511 1652 1584 1681 tres
1603 1643 1773 1681 Ιιοηηονέ

76 1718 243 1754 segneur
264 1712 298 1741 et
318 1704 430 1753 frere.
458 1703 690 1742 Ludovicus
714 1702 877 1753 scripsit
900 1702 1041 1749 latine,
1066 1711 1106 1741 et
1131 1702 1188 1740 ita
1212 1702 1478 1753 subscripsit:
1511 1703 1639 1740 Vester
1663 1702 1773 1752 filius

77 1764 300 1801 Ludovicus
317 1762 502 1801 Calabrie
518 1763 611 1800 dux.
631 1762 870 1801 Patefactae
888 1770 985 1799 sunt
1002 1761 1146 1799 iisdem
1162 1761 1306 1811 legatis
1324 1776 1469 1800 causae
1486 1769 1654 1812 propter
1671 1775 1771 1811 quas

76 1823 314 1861 abstinebat
336 1836 358 1859 a
381 1821 489 1871 regio
511 1821 695 1867 nomine3
719 1821 920 1871 simulque
943 1821 994 1858 ab
1018 1820 1071 1859 eis
1095 1820 1368 1870 efflagitatum
1390 1835 1438 1859 ne
1461 1835 1598 1859 coram
1620 1820 1772 1858 Karolo

77 1897 181 1932 rege,
201 1882 254 1919 ad
273 1877 396 1931 quem
413 1881 526 1918 haud
545 1880 667 1919 dubie
687 1880 911 1930 profecturi
930 1888 1048 1918 erant
1067 1888 1292 1929 antequam
1311 1895 1330 1918 e
1352 1880 1481 1918 Gallia
1502 1879 1770 1925 discederent,

77 1941 299 1991 quicquam
325 1940 371 1978 iis
399 1940 605 1978 excideret
631 1955 682 1978 ex
709 1954 790 1989 quo
816 1939 925 1978 idem
952 1954 1022 1977 rex
1060 1939 1258 1988 conjicere
1296 1947 1434 1989 posset
1461 1938 1642 1988 reginam
1669 1938 1770 1976 velle

75 2000 267 2050 prosequi
294 1999 504 2049 negotium
532 1999 726 2045 Siculum,
754 1999 908 2048 absque
933 1998 1098 2037 consilio
1125 1998 1211 2047 ejus
1234 2007 1275 2036 et
1296 1999 1448 2037 ducum
1473 1997 1704 2047 Biturigum
1730 2004 1771 2034 et

74 2059 335 2108 Burgundiae
369 2059 570 2108 [Journal‚
597 2073 636 2108 p.
666 2058 748 2108 73].
780 2057 933 2096 Deinde
960 2072 1068 2095 anno
1105 2057 1293 2107 sequenti
1327 2057 1680 2103 MCCCLXXXV,
1707 2055 1770 2093 die

75 2118 240 2157 sabbati
264 2118 494 2168 penultima
521 2117 670 2156 mensis
698 2117 850 2167 aprilis,
878 2108 1089 2155 decretum
1115 2125 1176 2154 est
1214 2116 1255 2153 in
1293 2116 1524 2167 praesentia
1550 2129 1681 2166 papae
1709 2114 1770 2152 uti

74 2177 198 2227 legati
235 2176 514 2215 Mediolanum
549 2176 814 2214 mitterentur
850 2175 919 2226 qui
958 2176 1083 2213 filiam
1118 2175 1372 2214 Barnabonis
1391 2175 1404 2198 1
1442 2175 1693 2213 adducerent
1729 2173 1770 2210 in

76 2236 335 2275 Provinciam
365 2235 567 2286 [Journal‚
593 2251 633 2286 p.
661 2235 775 2285 104];
802 2235 912 2285 quod
937 2249 990 2272 an
1015 2234 1172 2273 factum
1198 2234 1250 2272 sit
1285 2234 1326 2272 in
1353 2235 1523 2272 obscuro
1560 2241 1635 2272 est.
1666 2232 1769 2270 Illud

75 2303 253 2342 constat,
279 2294 446 2333 missam
470 2309 552 2332 non
576 2294 712 2333 fuisse.
740 2295 793 2332 Et
817 2308 913 2331 mox
936 2294 1179 2332 subsecutus
1217 2308 1352 2332 carcer
1375 2292 1503 2343 patris
1528 2293 1605 2331 hoc
1628 2292 1769 2329 matri-

74 2355 259 2393 monium
291 2353 556 2392 disturbavit.

129 2415 172 2452 P.
194 2413 284 2461 495,
305 2413 371 2462 lig.
394 2413 456 2451 29.
483 2413 663 2450 DUBITO.
687 2412 902 2450 Valentine
925 2411 1109 2449 Visconti
1129 2411 1302 2449 sollicita
1323 2425 1401 2449 une
1423 2410 1609 2460 dispense
1631 2410 1768 2459 qu’ac·

74 2473 196 2512 corda
214 2472 408 2510 Bonifaee
431 2472 505 2517 IX,
523 2486 573 2509 en
589 2471 750 2521 janvier
769 2471 869 2509 1390
889 2471 955 2520 (N.
975 2470 1125 2517 Valois,
1144 2484 1206 2519 op.
1226 2470 1304 2517 cit„
1322 2477 1353 2508 t.
1371 2484 1413 2516 11,
1431 2484 1470 2520 p.
1492 2469 1580 2516 137,
1600 2476 1694 2506 note
1713 2468 1767 2516 3).

128 2533 172 2570 P.
199 2531 289 2578 496,
314 2531 380 2580 lig.
409 2530 444 2568 2.
475 2530 569 2568 Duo
598 2545 654 2568 Ex
674 2544 776 2568 sU1s.
805 2529 1076 2567 Theodericus
1103 2542 1125 2566 a
1154 2528 1285 2575 Niem‚
1311 2528 1379 2566 lib.
1412 2529 1441 2575 Ι,
1465 2528 1523 2565 De
1546 2527 1768 2573 schismate,

74 2605 164 2642 cap.
196 2605 280 2637 LXI,
313 2589 369 2640 [p.
395 2589 488 2639 111]
513 2605 520 2626 :
545 2589 609 2626 Ab
637 2590 767 2627 eodem
789 2589 908 2626 etiam
931 2588 1105 2634 Urbano,
1128 2595 1220 2625 tunc
1244 2588 1375 2625 Janue
1396 2587 1592 2634 existente,
1616 2585 1768 2624 domini

73 2650 212 2688 Pileus
229 2650 440 2687 Ravennas
455 2656 490 2685 et
505 2649 549 2686 de
565 2648 791 2685 Petramala
807 2647 1041 2693 cardinales,
1060 2646 1126 2695 qui
1142 2654 1253 2684 erant
1268 2661 1357 2684 cum
1371 2660 1412 2683 eo
1430 2646 1486 2683 ibi
1503 2644 1767 2695 aliquamdiu,

73 2710 125 2747 ad
146 2708 388 2746 Avintonem
407 2707 617 2756 fugientes,
642 2707 724 2744 illic
746 2720 814 2756 per
834 2706 1013 2743 eumdem
1035 2705 1270 2743 Clementem
1293 2705 1335 2742 in
1358 2704 1578 2742 cardinales
1599 2703 1768 2742 admissi

72 2768 245 2818 suerunt.
264 2766 486 2805 Gobelinus
505 2766 682 2804 Persona
699 2773 836 2803 aetate
854 2765 890 2811 6,
908 2778 996 2814 cap.
1016 2778 1163 2811 Lxxx1,
1178 2764 1347 2813 loquens
1366 2764 1413 2802 de
1431 2763 1612 2813 quadam
1628 2763 1768 2812 conju-

73 2826 232 2865 ratione
247 2826 357 2863 facta
371 2824 591 2862 adversum
603 2824 793 2862 eumdem
809 2824 1022 2862 Urbanum
1037 2822 1154 2860 addit
1167 2838 1174 2860 ε
1187 2822 1386 2860 Dominus
1399 2822 1537 2860 Pileus
1550 2821 1768 2860 cardinalis

74 2886 118 2923 de
138 2886 330 2923 Ravenna
349 2891 384 2921 et
404 2883 622 2921 cardinalis
644 2884 688 2921 de
709 2882 936 2920 Petramala
957 2883 1000 2919 de
1022 2881 1134 2919 curia
1153 2881 1343 2931 fugiendo
1363 2895 1402 2918 se
1423 2880 1527 2918 circa
1547 2880 1769 2931 praemissa

71 2952 272 2995 suspectos
299 2942 570 2989 reddiderunt3
600 2949 634 2979 et
661 2942 818 2979 tandem
846 2940 1088 2978 Avinionem
1114 2954 1153 2977 se
1179 2940 1464 2989 transferentes,
1494 2939 1544 2978 ab
1571 2939 1770 2990 antipapa

122 3069 154 3101 1.
173 3068 244 3102 Sur
257 3069 289 3101 le
312 3068 475 3112 mariage
493 3069 537 3101 de
554 3069 666 3102 Lucie
683 3075 721 3101 et
742 3069 786 3101 de
804 3067 915 3101 Louis
934 3068 971 3101 II
989 3067 1168 3111 d’Anjou,
1186 3067 1267 3100 voir
1285 3067 1328 3100 N.
1346 3066 1473 3100 Valois
1493 3067 1533 3110 (t.
1550 3080 1587 3108 11,
1605 3079 1640 3111 p.
1658 3068 1768 3102 32-33

7 3144 9 3146 .
71 3127 110 3154 et
134 3122 191 3161 70,
217 3121 314 3165 135).
