2083 3458
260 202 343 242 452
907 220 1058 246 NOTAE
1094 222 1154 246 AD
1190 222 1320 247 V1TAs
1844 206 1971 262 [936]

263 302 401 339 trandi
423 302 596 351 juniore.
625 303 876 341 Emendavit
899 304 971 341 hos
996 304 1140 343 titulos
1165 305 1302 343 Celsus
1329 306 1464 353 Faleo,
1488 306 1557 345 lib.
1588 307 1642 344 IV
1665 307 1773 346 Hist.
1799 307 1972 355 Bonon„

262 375 301 410 p.
327 361 417 408 377,
441 361 510 398 ubi
532 363 702 411 loquens
727 362 774 399 de
796 363 923 400 literis
946 363 1027 401 illic
1050 377 1072 401 a
1096 364 1390 403 Ghirardaccio
1414 365 1549 413 editis,
1574 380 1675 416 quas
1700 374 1865 404 constat
1887 381 1973 405 esse

265 420 376 458 Petri
408 421 627 459 cardinalis
661 421 875 468 Ostiensis,
909 422 967 459 ait
998 422 1086 460 illas
1119 423 1292 474 scriptas
1326 439 1410 462 esse
1442 439 1464 462 a
1497 425 1619 463 Petro
1652 425 1700 464 de
1732 425 1974 463 Monteruco

265 480 470 518 cardinale
495 481 532 519 S.
559 481 803 519 Anastasiae
826 489 867 519 et
890 481 1081 532 episcopo
1106 483 1440 533 Pampilonense3
1467 485 1577 534 quod
1599 485 1750 523 falsum
1772 492 1846 523 est.

321 540 523 578 Eumdem
558 540 679 578 fuisse
714 539 998 591 praepositum
1020 541 1224 580 Ecclesiae
1261 542 1315 593 [S.
1343 543 1454 581 Petri
1503 544 1722 582 Insulensis
1762 543 1973 594 dioecesis]

266 599 547 646 Tornacensis,
584 600 704 637 docet
738 614 910 649 sequens
946 601 1147 651 scriptum
1182 610 1423 652 excerptum
1458 617 1509 640 ex
1540 603 1775 641 inventario
1809 602 1975 640 Archivi

267 659 446 708 episcopi
474 659 740 697 Tornacensis
770 675 777 697 :
810 659 1125 698 Instrumentum
1151 661 1360 710 publicum
1395 676 1468 712 quo
1504 671 1659 700 cavetur
1685 663 1787 712 quod
1812 662 1976 712 quidam

268 718 453 755 dominus
470 718 695 768 Stephanus
715 719 758 755 cle
781 718 1004 767 Nebousac,
1027 720 1300 757 thesaurarius
1319 735 1364 758 ac
1381 721 1598 759 canonicus
1616 721 1787 759 Ecclesie
1809 721 1849 760 S.
1868 720 1976 759 Petri

272 777 509 824 Insulensis,
535 778 601 828 qui
625 778 669 815 de
692 777 852 815 domino
875 786 968 817 tunc
990 779 1127 816 comite
1155 779 1393 817 Flundrensi
1417 781 1518 818 male
1540 789 1573 818 et
1596 781 1803 818 indiscrete
1825 781 1977 818 locutus

267 837 396 885 suerat
426 837 467 873 in
496 838 610 886 pleno
639 837 813 886 capitulo
842 837 939 877 dicte
953 838 1126 876 Ecclesie
1155 839 1318 876 (licendo
1347 840 1449 889 quod
1485 840 1655 878 decanus
1694 848 1729 877 et
1756 839 1978 883 capitulum

270 896 367 933 dicte
388 896 560 933 Ecclesie
591 911 670 933 non
700 896 897 936 habebant
927 912 1064 936 curare
1098 898 1142 935 de
1172 898 1385 948 scripturis
1417 899 1510 937 dicti
1537 899 1690 937 domini
1720 898 1874 937 comitis
1911 913 1980 936 nec

272 955 382 1004 ipsas
414 955 456 992 in
486 956 620 1006 aliquo
650 955 797 1005 timere,
830 957 926 1007 quia
956 957 1142 995 dominus
1172 957 1393 995 cardinalis
1423 958 1752 1009 Pampilonensis
1782 972 1916 996 eorum
1946 966 1980 996 et

271 1014 367 1051 dicte
381 1015 553 1052 Ecclesie
589 1024 681 1053 tunc
716 1016 943 1066 prepositus
979 1031 1057 1055 non
1086 1017 1179 1067 plus
1216 1018 1381 1055 crederet
1415 1018 1540 1056 literis
1566 1026 1600 1056 et
1634 1017 1846 1068 scripturis
1885 1017 1980 1055 dicti

272 1074 423 1111 domini
457 1075 610 1112 comitis
643 1090 762 1125 quum
795 1076 964 1114 minoris
998 1076 1199 1125 garc'z'onis
1231 1076 1397 1127 hospitii
1429 1077 1509 1125 sui,
1543 1077 1789 1128 supplicavit
1821 1077 1981 1115 domino

271 1133 478 1183 Philippo,
502 1143 594 1172 tunc
614 1135 798 1185 episcopo
823 1136 1079 1184 Tornacensi‚
1104 1144 1297 1186 quatenus
1317 1150 1389 1186 pro
1410 1150 1452 1174 eo
1473 1137 1584 1187 apud
1605 1137 1752 1175 dictum
1774 1136 1981 1174 dominum

271 1193 447 1230 comitem
471 1193 702 1232 intercedere
733 1196 841 1233 vellet
863 1204 904 1234 ut
926 1196 1011 1246 ipse
1033 1195 1222 1237 dominus
1248 1210 1373 1233 comes
1403 1196 1635 1246 hujusmodi
1657 1196 1773 1234 verba
1801 1195 1882 1233 sibi
1904 1195 1981 1233 the-

270 1252 453 1290 saurario
489 1253 726 1303 indulgeret5
762 1255 864 1305 quod
897 1255 1204 1293 instrumentum
1237 1263 1292 1293 est
1326 1255 1370 1293 in
1403 1255 1495 1293 data
1527 1255 1628 1293 anni
1662 1254 1980 1302 MCCCLXVI,

271 1312 349 1349 diei
374 1330 434 1356 ΧΗ
465 1313 612 1351 mensis
639 1314 871 1352 novembris.

324 1372 443 1411 Anno
473 1373 791 1422 MCCCLXVII,
822 1374 991 1412 Urbano
1017 1374 1051 1411 V
1078 1374 1257 1413 Romam
1277 1374 1579 1425 proficiscente,
1608 1375 1753 1413 Petrus
1782 1373 1984 1412 remansit

273 1431 483 1471 Avenione
503 1447 597 1471 cum
616 1433 748 1471 tribus
769 1434 857 1472 aliis
879 1433 1171 1481 cardinalibus,
1191 1449 1275 1481 seu,
1296 1442 1344 1472 ut
1363 1434 1432 1472 alii
1450 1434 1651 1482 scribunt,
1673 1448 1767 1472 cum
1787 1441 1982 1484 quatuor,

272 1499 319 1528 ut
349 1492 530 1530 dicemus
559 1493 679 1531 infra.

329 1551 523 1590 Habebat
560 1552 705 1590 Petrus
743 1552 794 1590 ob
832 1554 969 1604 oculos
1004 1566 1203 1606 magnum
1237 1553 1474 1604 exemplum
1509 1554 1659 1592 amoris
1692 1553 1908 1591 literarum
1942 1558 1985 1590 et

274 1612 459 1650 caritatis
482 1612 525 1649 in
548 1626 615 1650 eos
644 1612 714 1661 qui
735 1612 901 1650 illarum
923 1612 1071 1651 studiis
1095 1612 1225 1651 dediti
1248 1621 1358 1660 sunt,
1383 1612 1543 1651 editum
1566 1612 1617 1650 ab
1645 1611 1886 1651 Innocentio
1910 1611 1983 1658 VI,

274 1672 479 1709 avunculo
506 1686 579 1709 suo
608 1687 615 1709 :
645 1671 729 1721 qui,
748 1672 811 1710 uti
837 1681 982 1722 postea
1003 1672 1251 1719 videbimus,
1271 1672 1442 1711 Tolosae
1460 1672 1646 1711 condidit
1673 1671 1983 1711 celeberrimum

276 1730 415 1769 Sancti
435 1731 634 1769 Martialis
655 1732 884 1781 collegium,
906 1732 948 1769 in
971 1746 1052 1781 quo
1071 1747 1156 1770 esse
1174 1740 1375 1782 perpetuo
1394 1732 1528 1770 voluit
1546 1731 1696 1782 viginti
1714 1730 1983 1771 scholasticos

276 1791 440 1840 utrique
455 1790 536 1840 juri
553 1791 722 1829 daturos
741 1805 920 1841 operam.
944 1791 1116 1830 Incessit
1130 1791 1272 1841 itaque
1290 1800 1331 1830 et
1346 1791 1474 1830 istum
1490 1791 1665 1829 ambitio
1680 1789 1879 1840 sequendi
1895 1797 1983 1827 tam

275 1849 434 1888 illustre
461 1850 709 1900 exemplum.
740 1850 844 1888 Eam
872 1851 923 1888 ob
951 1865 1119 1889 causam
1145 1851 1368 1900 acquisivit
1395 1851 1566 1889 Tolosae
1592 1864 1720 1888 unam
1747 1850 1917 1888 domum
1944 1856 1986 1887 et

278 1918 485 1948 trecentas
518 1910 644 1948 libras
679 1918 921 1948 turonenses
956 1910 1084 1947 annui
1117 1918 1158 1948 et
1192 1910 1381 1961 perpetui
1414 1910 1600 1948 redditus
1634 1910 1676 1947 in
1718 1907 1985 1948 seneschallia

277 1969 495 2016 Tolosana,
525 1983 625 2019 quas
658 1970 834 2007 Karolus
864 1970 911 2017 V,
939 1984 1011 2007 rex
1049 1970 1315 2017 Francorum,
1345 1969 1641 2007 admortizavit
1675 1969 1803 2007 literis
1822 1969 1837 1992 1
1877 1966 1985 2005 datis

277 2042 386 2066 anno
424 2029 737 2076 MCCCLXXV,
775 2043 913 2068 mense
958 2029 1187 2068 novembri.
1227 2030 1309 2068 Eae
1355 2037 1503 2067 extant
1546 2029 1587 2066 in
1632 2029 1796 2077 Regesto
1833 2025 1988 2065 CVIII

290 2088 378 2137 [JJ.
399 2086 502 2139 108]
523 2089 679 2126 archivi
698 2088 797 2138 regii
818 2089 960 2136 Paris,
982 2102 1069 2138 cap.
1094 2103 1204 2127 cxv1.
1229 2089 1415 2138 Denique
1437 2088 1652 2138 collegium
1669 2087 1772 2125 illud
1791 2085 1988 2125 fundavit

278 2148 319 2185 in
334 2148 531 2185 honorem
546 2156 713 2186 sanctae
730 2144 990 2195 Catha'rinae,
1008 2148 1118 2198 quod
1132 2162 1183 2186 ex
1198 2148 1362 2186 nomine
1379 2162 1451 2185 suo
1466 2147 1605 2185 vocari
1618 2146 1805 2185 instituit
1817 2146 1988 2184 domum

277 2207 433 2256 collegii
465 2207 713 2245 scholarium
746 2208 856 2245 Petri
889 2207 1106 2245 cardinalis
1141 2207 1482 2257 Pampilonensis.
1519 2207 1582 2245 Sic
1626 2207 1736 2244 enim
1765 2206 1831 2243 ille
1863 2205 1988 2254 vulgo

277 2266 520 2305 vocabatur.

332 2326 489 2364 Eodem
505 2327 693 2376 exemplo
712 2326 857 2365 Petrus
875 2326 1111 2364 fundationi
1129 2325 1346 2364 duodecim
1369 2325 1710 2365 Cartusianorum
1733 2331 1987 2362 conventua-

279 2385 380 2423 lium
417 2400 509 2423 cum
541 2400 623 2423 uno
656 2386 788 2435 priore
823 2393 861 2419 et
893 2385 1058 2435 reliquis
1092 2385 1343 2431 necessariis,
1378 2398 1502 2434 quam
1525 2384 1634 2422 idem
1655 2397 1763 2434 papa
1792 2383 1987 2421 Innocen-

280 2445 362 2482 tius
390 2445 543 2482 fecerat
569 2445 681 2495 apud
699 2445 1018 2492 Villamnovam,
1038 2445 1216 2483 totidem
1242 2444 1417 2490 addidit,
1437 2452 1478 2481 et
1505 2457 1704 2493 congruas
1732 2443 1851 2481 cellas
1879 2440 1988 2479 aedi-

287 2504 439 2542 ficavit.
467 2504 627 2541 Extant
650 2504 772 2553 hujus
796 2504 853 2542 rei
876 2512 1002 2542 testes
1026 2504 1168 2542 literae
1192 2503 1378 2553 ejusdem
1403 2503 1513 2541 Petri
1538 2502 1660 2540 datae
1684 2502 1796 2552 apud
1820 2501 1989 2552 Villam—

283 2578 435 2600 novam
456 2577 563 2601 anno
583 2564 799 2601 millesimo
820 2563 1098 2610 CCCLXXII,
1121 2563 1183 2601 die
1203 2563 1327 2600 tertia
1348 2562 1497 2600 mensis
1517 2561 1711 2611 januarii.

337 2623 456 2660 Auno
482 2623 794 2670 MCCCLXXV,
819 2637 860 2660 111
884 2637 979 2660 non.
1017 2622 1080 2672 [5]
1107 2622 1300 2669 octobris,
1326 2621 1543 2670 Gregorius
1571 2621 1632 2658 XI
1658 2619 1673 2642 2
1697 2619 1911 2658 stabiliens
1949 2626 1991 2656 et

286 2690 472 2719 statuens
518 2682 732 2731 collegium
777 2682 1109 2732 Petragoricense
1154 2681 1324 2718 Tolosae
1366 2681 1487 2730 juxta
1523 2688 1706 2718 mentem
1738 2677 1989 2728 Talayrandi

289 2741 518 2787 cardinalis,
552 2742 620 2790 qui
652 2750 904 2779 testamento
945 2749 1113 2779 caverat
1144 2740 1191 2778 de
1223 2754 1268 2778 eo
1300 2739 1529 2792 fundando,
1560 2739 1654 2777 huic
1694 2747 1837 2776 tamen
1867 2737 1989 2775 Petro

289 2800 483 2837 cardinali
513 2800 625 2837 tituli
655 2800 830 2838 Sanctae
861 2800 1104 2838 Anastasiae
1134 2808 1175 2838 et
1205 2799 1357 2837 Joanni
1387 2798 1435 2836 de
1466 2798 1609 2836 Crosso
1640 2796 1835 2836 cardinali
1867 2796 1989 2834 Sanc-

345 2944 370 2975 1.
398 2944 804 2983 F011r111'01·‚Statuts.t.
832 2956 913 2983 1‚n.
939 2945 1018 2978 695.
1043 2963 1092 2966 —
1125 2943 1193 2976 Les
1227 2955 1311 2976 mss.
1346 2942 1458 2975 latins
1491 2942 1587 2975 4222
1618 2943 1649 2974 A
1683 2948 1720 2974 et
1751 2940 1846 2974 4223
1879 2941 1923 2973 de
1955 2940 1991 2972 la

296 2996 331 3027 12.
361 2997 399 3028 N.
425 2997 666 3028 conticnncnt
700 2998 730 3029 le
764 2998 904 3030 dossier
936 2999 985 3030 du
1018 2998 1153 3040 college
1182 2997 1225 3029 de
1248 2996 1487 3039 Pampelune.
1515 2996 1567 3028 La
1592 2995 1792 3028 fondation
1823 3000 1888 3026 eut
1917 2992 1992 3026 lieu

293 3050 321 3080 lv
345 3051 362 3079 Γ,
386 3050 518 3081 Ι“ιῖ»,νι·ἰιϊ
542 3051 630 3083 1382
654 3050 858 3091 (Fournier,
882 3057 918 3083 ut
936 3063 977 3090 s.,
1000 3063 1032 3084 11.
1056 3051 1152 3093 707).

343 3104 371 3134 2.
402 3102 589 3139 Fournicr,
618 3109 653 3135 ut
675 3115 714 3141 s.,
743 3110 766 3136 t.
791 3116 814 3142 1,
841 3116 873 3137 n.
901 3105 980 3137 694.
